[
  {
    "symbol": "IBM",
    "annualReports": [
      {
        "fiscalDateEnding": "2022-12-31",
        "reportedCurrency": "USD",
        "grossProfit": "32687000000",
        "totalRevenue": "60530000000",
        "costOfRevenue": "27842000000",
        "costofGoodsAndServicesSold": "385000000",
        "operatingIncome": "6408000000",
        "sellingGeneralAndAdministrative": "18609000000",
        "researchAndDevelopment": "6567000000",
        "operatingExpenses": "26279000000",
        "investmentIncomeNet": "None",
        "netInterestIncome": "-1216000000",
        "interestIncome": "162000000",
        "interestExpense": "1216000000",
        "nonInterestIncome": "365000000",
        "otherNonOperatingIncome": "443000000",
        "depreciation": "2407000000",
        "depreciationAndAmortization": "2395000000",
        "incomeBeforeTax": "1013000000",
        "incomeTaxExpense": "-626000000",
        "interestAndDebtExpense": "1216000000",
        "netIncomeFromContinuingOperations": "1783000000",
        "comprehensiveIncomeNetOfTax": "8134000000",
        "ebit": "2229000000",
        "ebitda": "4624000000",
        "netIncome": "1639000000"
      },
      {
        "fiscalDateEnding": "2021-12-31",
        "reportedCurrency": "USD",
        "grossProfit": "31486000000",
        "totalRevenue": "57350000000",
        "costOfRevenue": "25865000000",
        "costofGoodsAndServicesSold": "300000000",
        "operatingIncome": "4786000000",
        "sellingGeneralAndAdministrative": "18745000000",
        "researchAndDevelopment": "6488000000",
        "operatingExpenses": "26700000000",
        "investmentIncomeNet": "None",
        "netInterestIncome": "-1155000000",
        "interestIncome": "52000000",
        "interestExpense": "1155000000",
        "nonInterestIncome": "337000000",
        "otherNonOperatingIncome": "225000000",
        "depreciation": "3888000000",
        "depreciationAndAmortization": "2529000000",
        "incomeBeforeTax": "5867000000",
        "incomeTaxExpense": "124000000",
        "interestAndDebtExpense": "1155000000",
        "netIncomeFromContinuingOperations": "4712000000",
        "comprehensiveIncomeNetOfTax": "10582000000",
        "ebit": "7022000000",
        "ebitda": "9551000000",
        "netIncome": "5743000000"
      },
      {
        "fiscalDateEnding": "2020-12-31",
        "reportedCurrency": "USD",
        "grossProfit": "30865000000",
        "totalRevenue": "55179000000",
        "costOfRevenue": "24314000000",
        "costofGoodsAndServicesSold": "439000000",
        "operatingIncome": "4609000000",
        "sellingGeneralAndAdministrative": "20561000000",
        "researchAndDevelopment": "6262000000",
        "operatingExpenses": "30966000000",
        "investmentIncomeNet": "None",
        "netInterestIncome": "-1288000000",
        "interestIncome": "105000000",
        "interestExpense": "1288000000",
        "nonInterestIncome": "-92000000",
        "otherNonOperatingIncome": "156000000",
        "depreciation": "4227000000",
        "depreciationAndAmortization": "2468000000",
        "incomeBeforeTax": "4230000000",
        "incomeTaxExpense": "-1360000000",
        "interestAndDebtExpense": "1288000000",
        "netIncomeFromContinuingOperations": "3932000000",
        "comprehensiveIncomeNetOfTax": "4850000000",
        "ebit": "5518000000",
        "ebitda": "7986000000",
        "netIncome": "5590000000"
      },
      {
        "fiscalDateEnding": "2019-12-31",
        "reportedCurrency": "USD",
        "grossProfit": "31533000000",
        "totalRevenue": "57714000000",
        "costOfRevenue": "26181000000",
        "costofGoodsAndServicesSold": "591000000",
        "operatingIncome": "9004000000",
        "sellingGeneralAndAdministrative": "18724000000",
        "researchAndDevelopment": "5910000000",
        "operatingExpenses": "27484000000",
        "investmentIncomeNet": "None",
        "netInterestIncome": "-1344000000",
        "interestIncome": "349000000",
        "interestExpense": "1344000000",
        "nonInterestIncome": "None",
        "otherNonOperatingIncome": "968000000",
        "depreciation": "4209000000",
        "depreciationAndAmortization": "1850000000",
        "incomeBeforeTax": "9491000000",
        "incomeTaxExpense": "60000000",
        "interestAndDebtExpense": "1344000000",
        "netIncomeFromContinuingOperations": "7146000000",
        "comprehensiveIncomeNetOfTax": "10324000000",
        "ebit": "10835000000",
        "ebitda": "12685000000",
        "netIncome": "9431000000"
      },
      {
        "fiscalDateEnding": "2018-12-31",
        "reportedCurrency": "USD",
        "grossProfit": "36936000000",
        "totalRevenue": "79591000000",
        "costOfRevenue": "42655000000",
        "costofGoodsAndServicesSold": "42655000000",
        "operatingIncome": "10838000000",
        "sellingGeneralAndAdministrative": "19366000000",
        "researchAndDevelopment": "5379000000",
        "operatingExpenses": "26098000000",
        "investmentIncomeNet": "None",
        "netInterestIncome": "-723000000",
        "interestIncome": "264000000",
        "interestExpense": "723000000",
        "nonInterestIncome": "None",
        "otherNonOperatingIncome": "-1152000000",
        "depreciation": "3127000000",
        "depreciationAndAmortization": "1353000000",
        "incomeBeforeTax": "11347000000",
        "incomeTaxExpense": "2619000000",
        "interestAndDebtExpense": "723000000",
        "netIncomeFromContinuingOperations": "8723000000",
        "comprehensiveIncomeNetOfTax": "8252000000",
        "ebit": "12070000000",
        "ebitda": "13423000000",
        "netIncome": "8728000000"
      }
    ],
    "quarterlyReports": [
      {
        "fiscalDateEnding": "2023-06-30",
        "reportedCurrency": "USD",
        "grossProfit": "8501000000",
        "totalRevenue": "15475000000",
        "costOfRevenue": "6974000000",
        "costofGoodsAndServicesSold": "61000000",
        "operatingIncome": "1984000000",
        "sellingGeneralAndAdministrative": "4900000000",
        "researchAndDevelopment": "1687000000",
        "operatingExpenses": "6517000000",
        "investmentIncomeNet": "None",
        "netInterestIncome": "-423000000",
        "interestIncome": "None",
        "interestExpense": "423000000",
        "nonInterestIncome": "163000000",
        "otherNonOperatingIncome": "39000000",
        "depreciation": "520000000",
        "depreciationAndAmortization": "557000000",
        "incomeBeforeTax": "2002000000",
        "incomeTaxExpense": "419000000",
        "interestAndDebtExpense": "423000000",
        "netIncomeFromContinuingOperations": "1581000000",
        "comprehensiveIncomeNetOfTax": "1863000000",
        "ebit": "2425000000",
        "ebitda": "2982000000",
        "netIncome": "1583000000"
      },
      {
        "fiscalDateEnding": "2023-03-31",
        "reportedCurrency": "USD",
        "grossProfit": "7509000000",
        "totalRevenue": "14252000000",
        "costOfRevenue": "6743000000",
        "costofGoodsAndServicesSold": "30000000",
        "operatingIncome": "256000000",
        "sellingGeneralAndAdministrative": "4853000000",
        "researchAndDevelopment": "1655000000",
        "operatingExpenses": "7253000000",
        "investmentIncomeNet": "None",
        "netInterestIncome": "-367000000",
        "interestIncome": "170000000",
        "interestExpense": "367000000",
        "nonInterestIncome": "-93000000",
        "otherNonOperatingIncome": "22000000",
        "depreciation": "527000000",
        "depreciationAndAmortization": "547000000",
        "incomeBeforeTax": "1051000000",
        "incomeTaxExpense": "124000000",
        "interestAndDebtExpense": "367000000",
        "netIncomeFromContinuingOperations": "934000000",
        "comprehensiveIncomeNetOfTax": "888000000",
        "ebit": "1418000000",
        "ebitda": "1965000000",
        "netIncome": "927000000"
      },
      {
        "fiscalDateEnding": "2022-12-31",
        "reportedCurrency": "USD",
        "grossProfit": "9632000000",
        "totalRevenue": "16690000000",
        "costOfRevenue": "7058000000",
        "costofGoodsAndServicesSold": "190000000",
        "operatingIncome": "3294000000",
        "sellingGeneralAndAdministrative": "4766000000",
        "researchAndDevelopment": "1604000000",
        "operatingExpenses": "6338000000",
        "investmentIncomeNet": "None",
        "netInterestIncome": "-313000000",
        "interestIncome": "64000000",
        "interestExpense": "313000000",
        "nonInterestIncome": "None",
        "otherNonOperatingIncome": "None",
        "depreciation": "570000000",
        "depreciationAndAmortization": "567000000",
        "incomeBeforeTax": "3154000000",
        "incomeTaxExpense": "444000000",
        "interestAndDebtExpense": "313000000",
        "netIncomeFromContinuingOperations": "2870000000",
        "comprehensiveIncomeNetOfTax": "3109000000",
        "ebit": "3467000000",
        "ebitda": "4034000000",
        "netIncome": "2710000000"
      },
      {
        "fiscalDateEnding": "2022-09-30",
        "reportedCurrency": "USD",
        "grossProfit": "7430000000",
        "totalRevenue": "14107000000",
        "costOfRevenue": "6677000000",
        "costofGoodsAndServicesSold": "57000000",
        "operatingIncome": "1471000000",
        "sellingGeneralAndAdministrative": "4391000000",
        "researchAndDevelopment": "1611000000",
        "operatingExpenses": "5959000000",
        "investmentIncomeNet": "None",
        "netInterestIncome": "-295000000",
        "interestIncome": "53000000",
        "interestExpense": "295000000",
        "nonInterestIncome": "None",
        "otherNonOperatingIncome": "-5755000000",
        "depreciation": "586000000",
        "depreciationAndAmortization": "577000000",
        "incomeBeforeTax": "-4483000000",
        "incomeTaxExpense": "-1287000000",
        "interestAndDebtExpense": "295000000",
        "netIncomeFromContinuingOperations": "-3214000000",
        "comprehensiveIncomeNetOfTax": "1834000000",
        "ebit": "-4188000000",
        "ebitda": "-3611000000",
        "netIncome": "-3196000000"
      },
      {
        "fiscalDateEnding": "2022-06-30",
        "reportedCurrency": "USD",
        "grossProfit": "8290000000",
        "totalRevenue": "15535000000",
        "costOfRevenue": "7246000000",
        "costofGoodsAndServicesSold": "120000000",
        "operatingIncome": "2377000000",
        "sellingGeneralAndAdministrative": "4855000000",
        "researchAndDevelopment": "1673000000",
        "operatingExpenses": "5913000000",
        "investmentIncomeNet": "None",
        "netInterestIncome": "-297000000",
        "interestIncome": "28000000",
        "interestExpense": "297000000",
        "nonInterestIncome": "440000000",
        "otherNonOperatingIncome": "243000000",
        "depreciation": "620000000",
        "depreciationAndAmortization": "626000000",
        "incomeBeforeTax": "1649000000",
        "incomeTaxExpense": "257000000",
        "interestAndDebtExpense": "297000000",
        "netIncomeFromContinuingOperations": "1465000000",
        "comprehensiveIncomeNetOfTax": "1755000000",
        "ebit": "1946000000",
        "ebitda": "2572000000",
        "netIncome": "1392000000"
      },
      {
        "fiscalDateEnding": "2022-03-31",
        "reportedCurrency": "USD",
        "grossProfit": "7335000000",
        "totalRevenue": "14197000000",
        "costOfRevenue": "6862000000",
        "costofGoodsAndServicesSold": "19000000",
        "operatingIncome": "470000000",
        "sellingGeneralAndAdministrative": "4597000000",
        "researchAndDevelopment": "1679000000",
        "operatingExpenses": "6865000000",
        "investmentIncomeNet": "None",
        "netInterestIncome": "-311000000",
        "interestIncome": "17000000",
        "interestExpense": "311000000",
        "nonInterestIncome": "-42000000",
        "otherNonOperatingIncome": "83000000",
        "depreciation": "631000000",
        "depreciationAndAmortization": "625000000",
        "incomeBeforeTax": "694000000",
        "incomeTaxExpense": "-39000000",
        "interestAndDebtExpense": "311000000",
        "netIncomeFromContinuingOperations": "662000000",
        "comprehensiveIncomeNetOfTax": "1436000000",
        "ebit": "1005000000",
        "ebitda": "1630000000",
        "netIncome": "733000000"
      },
      {
        "fiscalDateEnding": "2021-12-31",
        "reportedCurrency": "USD",
        "grossProfit": "9501000000",
        "totalRevenue": "16694000000",
        "costOfRevenue": "7195000000",
        "costofGoodsAndServicesSold": "89000000",
        "operatingIncome": "913000000",
        "sellingGeneralAndAdministrative": "4903000000",
        "researchAndDevelopment": "1625000000",
        "operatingExpenses": "5194000000",
        "investmentIncomeNet": "None",
        "netInterestIncome": "-303000000",
        "interestIncome": "13000000",
        "interestExpense": "303000000",
        "nonInterestIncome": "None",
        "otherNonOperatingIncome": "38000000",
        "depreciation": "749000000",
        "depreciationAndAmortization": "632000000",
        "incomeBeforeTax": "2739000000",
        "incomeTaxExpense": "406000000",
        "interestAndDebtExpense": "303000000",
        "netIncomeFromContinuingOperations": "2462000000",
        "comprehensiveIncomeNetOfTax": "5136000000",
        "ebit": "3042000000",
        "ebitda": "3674000000",
        "netIncome": "2333000000"
      },
      {
        "fiscalDateEnding": "2021-09-30",
        "reportedCurrency": "USD",
        "grossProfit": "7106000000",
        "totalRevenue": "13251000000",
        "costOfRevenue": "6145000000",
        "costofGoodsAndServicesSold": "49000000",
        "operatingIncome": "1761000000",
        "sellingGeneralAndAdministrative": "4306000000",
        "researchAndDevelopment": "1606000000",
        "operatingExpenses": "6410000000",
        "investmentIncomeNet": "None",
        "netInterestIncome": "-291000000",
        "interestIncome": "-1000000",
        "interestExpense": "290000000",
        "nonInterestIncome": "None",
        "otherNonOperatingIncome": "-234000000",
        "depreciation": "1037000000",
        "depreciationAndAmortization": "647000000",
        "incomeBeforeTax": "906000000",
        "incomeTaxExpense": "-224000000",
        "interestAndDebtExpense": "291000000",
        "netIncomeFromContinuingOperations": "1037000000",
        "comprehensiveIncomeNetOfTax": "1480000000",
        "ebit": "1196000000",
        "ebitda": "1843000000",
        "netIncome": "1130000000"
      },
      {
        "fiscalDateEnding": "2021-06-30",
        "reportedCurrency": "USD",
        "grossProfit": "7852000000",
        "totalRevenue": "14218000000",
        "costOfRevenue": "6366000000",
        "costofGoodsAndServicesSold": "103000000",
        "operatingIncome": "2304000000",
        "sellingGeneralAndAdministrative": "4849000000",
        "researchAndDevelopment": "1641000000",
        "operatingExpenses": "6700000000",
        "investmentIncomeNet": "None",
        "netInterestIncome": "-281000000",
        "interestIncome": "11000000",
        "interestExpense": "281000000",
        "nonInterestIncome": "None",
        "otherNonOperatingIncome": "-315000000",
        "depreciation": "1050000000",
        "depreciationAndAmortization": "630000000",
        "incomeBeforeTax": "1426000000",
        "incomeTaxExpense": "101000000",
        "interestAndDebtExpense": "281000000",
        "netIncomeFromContinuingOperations": "810000000",
        "comprehensiveIncomeNetOfTax": "1930000000",
        "ebit": "1707000000",
        "ebitda": "2337000000",
        "netIncome": "1325000000"
      },
      {
        "fiscalDateEnding": "2021-03-31",
        "reportedCurrency": "USD",
        "grossProfit": "7027000000",
        "totalRevenue": "13187000000",
        "costOfRevenue": "6160000000",
        "costofGoodsAndServicesSold": "59000000",
        "operatingIncome": "1084000000",
        "sellingGeneralAndAdministrative": "4688000000",
        "researchAndDevelopment": "1616000000",
        "operatingExpenses": "7120000000",
        "investmentIncomeNet": "None",
        "netInterestIncome": "-280000000",
        "interestIncome": "14000000",
        "interestExpense": "280000000",
        "nonInterestIncome": "None",
        "otherNonOperatingIncome": "-362000000",
        "depreciation": "1052000000",
        "depreciationAndAmortization": "620000000",
        "incomeBeforeTax": "795000000",
        "incomeTaxExpense": "-160000000",
        "interestAndDebtExpense": "280000000",
        "netIncomeFromContinuingOperations": "403000000",
        "comprehensiveIncomeNetOfTax": "2036000000",
        "ebit": "1075000000",
        "ebitda": "1695000000",
        "netIncome": "955000000"
      },
      {
        "fiscalDateEnding": "2020-12-31",
        "reportedCurrency": "USD",
        "grossProfit": "5813000000",
        "totalRevenue": "1926000000",
        "costOfRevenue": "-3888000000",
        "costofGoodsAndServicesSold": "181000000",
        "operatingIncome": "-4000000000",
        "sellingGeneralAndAdministrative": "4712000000",
        "researchAndDevelopment": "1540000000",
        "operatingExpenses": "2000000000",
        "investmentIncomeNet": "None",
        "netInterestIncome": "-317000000",
        "interestIncome": "15000000",
        "interestExpense": "317000000",
        "nonInterestIncome": "None",
        "otherNonOperatingIncome": "-247000000",
        "depreciation": "1089000000",
        "depreciationAndAmortization": "610000000",
        "incomeBeforeTax": "884000000",
        "incomeTaxExpense": "-472000000",
        "interestAndDebtExpense": "317000000",
        "netIncomeFromContinuingOperations": "-305000000",
        "comprehensiveIncomeNetOfTax": "603000000",
        "ebit": "1201000000",
        "ebitda": "1811000000",
        "netIncome": "1356000000"
      },
      {
        "fiscalDateEnding": "2020-09-30",
        "reportedCurrency": "USD",
        "grossProfit": "8430000000",
        "totalRevenue": "17560000000",
        "costOfRevenue": "9130000000",
        "costofGoodsAndServicesSold": "64000000",
        "operatingIncome": "2358000000",
        "sellingGeneralAndAdministrative": "4647000000",
        "researchAndDevelopment": "1515000000",
        "operatingExpenses": "6072000000",
        "investmentIncomeNet": "None",
        "netInterestIncome": "-323000000",
        "interestIncome": "15000000",
        "interestExpense": "323000000",
        "nonInterestIncome": "None",
        "otherNonOperatingIncome": "-253000000",
        "depreciation": "1070000000",
        "depreciationAndAmortization": "613000000",
        "incomeBeforeTax": "1826000000",
        "incomeTaxExpense": "128000000",
        "interestAndDebtExpense": "323000000",
        "netIncomeFromContinuingOperations": "1698000000",
        "comprehensiveIncomeNetOfTax": "1870000000",
        "ebit": "2149000000",
        "ebitda": "2762000000",
        "netIncome": "1698000000"
      },
      {
        "fiscalDateEnding": "2020-06-30",
        "reportedCurrency": "USD",
        "grossProfit": "8700000000",
        "totalRevenue": "18123000000",
        "costOfRevenue": "9423000000",
        "costofGoodsAndServicesSold": "117000000",
        "operatingIncome": "2121000000",
        "sellingGeneralAndAdministrative": "5248000000",
        "researchAndDevelopment": "1582000000",
        "operatingExpenses": "6579000000",
        "investmentIncomeNet": "None",
        "netInterestIncome": "-323000000",
        "interestIncome": "23000000",
        "interestExpense": "323000000",
        "nonInterestIncome": "None",
        "otherNonOperatingIncome": "-179000000",
        "depreciation": "1056000000",
        "depreciationAndAmortization": "623000000",
        "incomeBeforeTax": "1570000000",
        "incomeTaxExpense": "209000000",
        "interestAndDebtExpense": "323000000",
        "netIncomeFromContinuingOperations": "1362000000",
        "comprehensiveIncomeNetOfTax": "1888000000",
        "ebit": "1893000000",
        "ebitda": "2516000000",
        "netIncome": "1361000000"
      },
      {
        "fiscalDateEnding": "2020-03-31",
        "reportedCurrency": "USD",
        "grossProfit": "7922000000",
        "totalRevenue": "17571000000",
        "costOfRevenue": "9649000000",
        "costofGoodsAndServicesSold": "76000000",
        "operatingIncome": "-145000000",
        "sellingGeneralAndAdministrative": "5955000000",
        "researchAndDevelopment": "1625000000",
        "operatingExpenses": "8067000000",
        "investmentIncomeNet": "None",
        "netInterestIncome": "-326000000",
        "interestIncome": "51000000",
        "interestExpense": "326000000",
        "nonInterestIncome": "None",
        "otherNonOperatingIncome": "-182000000",
        "depreciation": "1012000000",
        "depreciationAndAmortization": "622000000",
        "incomeBeforeTax": "-51000000",
        "incomeTaxExpense": "-1226000000",
        "interestAndDebtExpense": "326000000",
        "netIncomeFromContinuingOperations": "1176000000",
        "comprehensiveIncomeNetOfTax": "489000000",
        "ebit": "275000000",
        "ebitda": "897000000",
        "netIncome": "1175000000"
      },
      {
        "fiscalDateEnding": "2019-12-31",
        "reportedCurrency": "USD",
        "grossProfit": "6145000000",
        "totalRevenue": "2344000000",
        "costOfRevenue": "-3801000000",
        "costofGoodsAndServicesSold": "387000000",
        "operatingIncome": "4048000000",
        "sellingGeneralAndAdministrative": "3553000000",
        "researchAndDevelopment": "1517000000",
        "operatingExpenses": "7052000000",
        "investmentIncomeNet": "None",
        "netInterestIncome": "-354000000",
        "interestIncome": "48000000",
        "interestExpense": "354000000",
        "nonInterestIncome": "None",
        "otherNonOperatingIncome": "None",
        "depreciation": "1021000000",
        "depreciationAndAmortization": "629000000",
        "incomeBeforeTax": "3323000000",
        "incomeTaxExpense": "-347000000",
        "interestAndDebtExpense": "354000000",
        "netIncomeFromContinuingOperations": "1380000000",
        "comprehensiveIncomeNetOfTax": "4159000000",
        "ebit": "3677000000",
        "ebitda": "4306000000",
        "netIncome": "3670000000"
      },
      {
        "fiscalDateEnding": "2019-09-30",
        "reportedCurrency": "USD",
        "grossProfit": "8336000000",
        "totalRevenue": "18028000000",
        "costOfRevenue": "9692000000",
        "costofGoodsAndServicesSold": "75000000",
        "operatingIncome": "1872000000",
        "sellingGeneralAndAdministrative": "5024000000",
        "researchAndDevelopment": "1553000000",
        "operatingExpenses": "6464000000",
        "investmentIncomeNet": "None",
        "netInterestIncome": "-432000000",
        "interestIncome": "63000000",
        "interestExpense": "432000000",
        "nonInterestIncome": "None",
        "otherNonOperatingIncome": "None",
        "depreciation": "1058000000",
        "depreciationAndAmortization": "611000000",
        "incomeBeforeTax": "1521000000",
        "incomeTaxExpense": "-151000000",
        "interestAndDebtExpense": "432000000",
        "netIncomeFromContinuingOperations": "1673000000",
        "comprehensiveIncomeNetOfTax": "1427000000",
        "ebit": "1953000000",
        "ebitda": "2564000000",
        "netIncome": "1672000000"
      },
      {
        "fiscalDateEnding": "2019-06-30",
        "reportedCurrency": "USD",
        "grossProfit": "9010000000",
        "totalRevenue": "19161000000",
        "costOfRevenue": "10151000000",
        "costofGoodsAndServicesSold": "74000000",
        "operatingIncome": "1950000000",
        "sellingGeneralAndAdministrative": "5456000000",
        "researchAndDevelopment": "1407000000",
        "operatingExpenses": "7060000000",
        "investmentIncomeNet": "None",
        "netInterestIncome": "-348000000",
        "interestIncome": "167000000",
        "interestExpense": "348000000",
        "nonInterestIncome": "None",
        "otherNonOperatingIncome": "None",
        "depreciation": "987000000",
        "depreciationAndAmortization": "307000000",
        "incomeBeforeTax": "2767000000",
        "incomeTaxExpense": "269000000",
        "interestAndDebtExpense": "348000000",
        "netIncomeFromContinuingOperations": "2499000000",
        "comprehensiveIncomeNetOfTax": "2839000000",
        "ebit": "3115000000",
        "ebitda": "3422000000",
        "netIncome": "2498000000"
      },
      {
        "fiscalDateEnding": "2019-03-31",
        "reportedCurrency": "USD",
        "grossProfit": "8043000000",
        "totalRevenue": "18182000000",
        "costOfRevenue": "10139000000",
        "costofGoodsAndServicesSold": "55000000",
        "operatingIncome": "1616000000",
        "sellingGeneralAndAdministrative": "4691000000",
        "researchAndDevelopment": "1433000000",
        "operatingExpenses": "6427000000",
        "investmentIncomeNet": "None",
        "netInterestIncome": "-210000000",
        "interestIncome": "70000000",
        "interestExpense": "210000000",
        "nonInterestIncome": "None",
        "otherNonOperatingIncome": "73000000",
        "depreciation": "1143000000",
        "depreciationAndAmortization": "303000000",
        "incomeBeforeTax": "1880000000",
        "incomeTaxExpense": "289000000",
        "interestAndDebtExpense": "210000000",
        "netIncomeFromContinuingOperations": "1593000000",
        "comprehensiveIncomeNetOfTax": "1899000000",
        "ebit": "2090000000",
        "ebitda": "2393000000",
        "netIncome": "1591000000"
      },
      {
        "fiscalDateEnding": "2018-12-31",
        "reportedCurrency": "USD",
        "grossProfit": "10687000000",
        "totalRevenue": "21761000000",
        "costOfRevenue": "11073000000",
        "costofGoodsAndServicesSold": "11073000000",
        "operatingIncome": "4306000000",
        "sellingGeneralAndAdministrative": "4701000000",
        "researchAndDevelopment": "1358000000",
        "operatingExpenses": "6381000000",
        "investmentIncomeNet": "None",
        "netInterestIncome": "-193000000",
        "interestIncome": "None",
        "interestExpense": "193000000",
        "nonInterestIncome": "None",
        "otherNonOperatingIncome": "-184000000",
        "depreciation": "790000000",
        "depreciationAndAmortization": "322000000",
        "incomeBeforeTax": "4432000000",
        "incomeTaxExpense": "2481000000",
        "interestAndDebtExpense": "193000000",
        "netIncomeFromContinuingOperations": "1953000000",
        "comprehensiveIncomeNetOfTax": "282000000",
        "ebit": "4625000000",
        "ebitda": "4947000000",
        "netIncome": "1951000000"
      },
      {
        "fiscalDateEnding": "2018-09-30",
        "reportedCurrency": "USD",
        "grossProfit": "8803000000",
        "totalRevenue": "18756000000",
        "costOfRevenue": "9953000000",
        "costofGoodsAndServicesSold": "9953000000",
        "operatingIncome": "2840000000",
        "sellingGeneralAndAdministrative": "4363000000",
        "researchAndDevelopment": "1252000000",
        "operatingExpenses": "5963000000",
        "investmentIncomeNet": "None",
        "netInterestIncome": "-191000000",
        "interestIncome": "None",
        "interestExpense": "191000000",
        "nonInterestIncome": "None",
        "otherNonOperatingIncome": "-275000000",
        "depreciation": "790000000",
        "depreciationAndAmortization": "348000000",
        "incomeBeforeTax": "2998000000",
        "incomeTaxExpense": "304000000",
        "interestAndDebtExpense": "191000000",
        "netIncomeFromContinuingOperations": "2692000000",
        "comprehensiveIncomeNetOfTax": "3164000000",
        "ebit": "3189000000",
        "ebitda": "3537000000",
        "netIncome": "2694000000"
      }
    ]
  },
  {
    "symbol": "SAIC",
    "annualReports": [
      {
        "fiscalDateEnding": "2023-02-03",
        "reportedCurrency": "USD",
        "grossProfit": "770000000",
        "totalRevenue": "7586000000",
        "costOfRevenue": "6816000000",
        "costofGoodsAndServicesSold": "6816000000",
        "operatingIncome": "501000000",
        "sellingGeneralAndAdministrative": "374000000",
        "researchAndDevelopment": "1000000",
        "operatingExpenses": "549000000",
        "investmentIncomeNet": "None",
        "netInterestIncome": "-120000000",
        "interestIncome": "None",
        "interestExpense": "120000000",
        "nonInterestIncome": "7704000000",
        "otherNonOperatingIncome": "-6000000",
        "depreciation": "None",
        "depreciationAndAmortization": "157000000",
        "incomeBeforeTax": "372000000",
        "incomeTaxExpense": "72000000",
        "interestAndDebtExpense": "120000000",
        "netIncomeFromContinuingOperations": "303000000",
        "comprehensiveIncomeNetOfTax": "359000000",
        "ebit": "492000000",
        "ebitda": "649000000",
        "netIncome": "300000000"
      },
      {
        "fiscalDateEnding": "2022-01-28",
        "reportedCurrency": "USD",
        "grossProfit": "775000000",
        "totalRevenue": "7310000000",
        "costOfRevenue": "6535000000",
        "costofGoodsAndServicesSold": "6535000000",
        "operatingIncome": "462000000",
        "sellingGeneralAndAdministrative": "344000000",
        "researchAndDevelopment": "4000000",
        "operatingExpenses": "585000000",
        "investmentIncomeNet": "None",
        "netInterestIncome": "-105000000",
        "interestIncome": "None",
        "interestExpense": "105000000",
        "nonInterestIncome": "7396000000",
        "otherNonOperatingIncome": "1000000",
        "depreciation": "None",
        "depreciationAndAmortization": "165000000",
        "incomeBeforeTax": "356000000",
        "incomeTaxExpense": "79000000",
        "interestAndDebtExpense": "105000000",
        "netIncomeFromContinuingOperations": "279000000",
        "comprehensiveIncomeNetOfTax": "329000000",
        "ebit": "461000000",
        "ebitda": "626000000",
        "netIncome": "277000000"
      },
      {
        "fiscalDateEnding": "2021-01-29",
        "reportedCurrency": "USD",
        "grossProfit": "702000000",
        "totalRevenue": "6966000000",
        "costOfRevenue": "6264000000",
        "costofGoodsAndServicesSold": "6264000000",
        "operatingIncome": "390000000",
        "sellingGeneralAndAdministrative": "352000000",
        "researchAndDevelopment": "6000000",
        "operatingExpenses": "604000000",
        "investmentIncomeNet": "None",
        "netInterestIncome": "-122000000",
        "interestIncome": "None",
        "interestExpense": "122000000",
        "nonInterestIncome": "7046000000",
        "otherNonOperatingIncome": "3000000",
        "depreciation": "None",
        "depreciationAndAmortization": "179000000",
        "incomeBeforeTax": "269000000",
        "incomeTaxExpense": "60000000",
        "interestAndDebtExpense": "122000000",
        "netIncomeFromContinuingOperations": "211000000",
        "comprehensiveIncomeNetOfTax": "192000000",
        "ebit": "391000000",
        "ebitda": "570000000",
        "netIncome": "209000000"
      },
      {
        "fiscalDateEnding": "2020-01-31",
        "reportedCurrency": "USD",
        "grossProfit": "619000000",
        "totalRevenue": "6292000000",
        "costOfRevenue": "5673000000",
        "costofGoodsAndServicesSold": "26000000",
        "operatingIncome": "370000000",
        "sellingGeneralAndAdministrative": "288000000",
        "researchAndDevelopment": "7000000",
        "operatingExpenses": "497000000",
        "investmentIncomeNet": "None",
        "netInterestIncome": "-90000000",
        "interestIncome": "90000000",
        "interestExpense": "90000000",
        "nonInterestIncome": "6379000000",
        "otherNonOperatingIncome": "6000000",
        "depreciation": "None",
        "depreciationAndAmortization": "131000000",
        "incomeBeforeTax": "283000000",
        "incomeTaxExpense": "57000000",
        "interestAndDebtExpense": "90000000",
        "netIncomeFromContinuingOperations": "229000000",
        "comprehensiveIncomeNetOfTax": "168000000",
        "ebit": "373000000",
        "ebitda": "504000000",
        "netIncome": "226000000"
      },
      {
        "fiscalDateEnding": "2019-02-01",
        "reportedCurrency": "USD",
        "grossProfit": "407000000",
        "totalRevenue": "4602000000",
        "costOfRevenue": "4195000000",
        "costofGoodsAndServicesSold": "26000000",
        "operatingIncome": "220000000",
        "sellingGeneralAndAdministrative": "158000000",
        "researchAndDevelopment": "5000000",
        "operatingExpenses": "327000000",
        "investmentIncomeNet": "None",
        "netInterestIncome": "-53000000",
        "interestIncome": "None",
        "interestExpense": "53000000",
        "nonInterestIncome": "4655000000",
        "otherNonOperatingIncome": "3000000",
        "depreciation": "None",
        "depreciationAndAmortization": "47000000",
        "incomeBeforeTax": "170000000",
        "incomeTaxExpense": "33000000",
        "interestAndDebtExpense": "57000000",
        "netIncomeFromContinuingOperations": "137000000",
        "comprehensiveIncomeNetOfTax": "119000000",
        "ebit": "223000000",
        "ebitda": "270000000",
        "netIncome": "137000000"
      }
    ],
    "quarterlyReports": [
      {
        "fiscalDateEnding": "2023-05-05",
        "reportedCurrency": "USD",
        "grossProfit": "235000000",
        "totalRevenue": "2028000000",
        "costOfRevenue": "1793000000",
        "costofGoodsAndServicesSold": "1793000000",
        "operatingIncome": "157000000",
        "sellingGeneralAndAdministrative": "84000000",
        "researchAndDevelopment": "None",
        "operatingExpenses": "114000000",
        "investmentIncomeNet": "None",
        "netInterestIncome": "-33000000",
        "interestIncome": "None",
        "interestExpense": "33000000",
        "nonInterestIncome": "2035000000",
        "otherNonOperatingIncome": "-1000000",
        "depreciation": "None",
        "depreciationAndAmortization": "36000000",
        "incomeBeforeTax": "123000000",
        "incomeTaxExpense": "25000000",
        "interestAndDebtExpense": "33000000",
        "netIncomeFromContinuingOperations": "98000000",
        "comprehensiveIncomeNetOfTax": "92000000",
        "ebit": "156000000",
        "ebitda": "192000000",
        "netIncome": "98000000"
      },
      {
        "fiscalDateEnding": "2023-02-03",
        "reportedCurrency": "USD",
        "grossProfit": "104000000",
        "totalRevenue": "1850000000",
        "costOfRevenue": "1746000000",
        "costofGoodsAndServicesSold": "1746000000",
        "operatingIncome": "118000000",
        "sellingGeneralAndAdministrative": "102000000",
        "researchAndDevelopment": "None",
        "operatingExpenses": "141000000",
        "investmentIncomeNet": "None",
        "netInterestIncome": "-33000000",
        "interestIncome": "None",
        "interestExpense": "33000000",
        "nonInterestIncome": "1968000000",
        "otherNonOperatingIncome": "0",
        "depreciation": "None",
        "depreciationAndAmortization": "39000000",
        "incomeBeforeTax": "84000000",
        "incomeTaxExpense": "10000000",
        "interestAndDebtExpense": "33000000",
        "netIncomeFromContinuingOperations": "75000000",
        "comprehensiveIncomeNetOfTax": "70000000",
        "ebit": "117000000",
        "ebitda": "156000000",
        "netIncome": "74000000"
      },
      {
        "fiscalDateEnding": "2022-10-28",
        "reportedCurrency": "USD",
        "grossProfit": "221000000",
        "totalRevenue": "1909000000",
        "costOfRevenue": "1688000000",
        "costofGoodsAndServicesSold": "1688000000",
        "operatingIncome": "133000000",
        "sellingGeneralAndAdministrative": "87000000",
        "researchAndDevelopment": "None",
        "operatingExpenses": "122000000",
        "investmentIncomeNet": "None",
        "netInterestIncome": "-30000000",
        "interestIncome": "None",
        "interestExpense": "30000000",
        "nonInterestIncome": "1909000000",
        "otherNonOperatingIncome": "-3000000",
        "depreciation": "None",
        "depreciationAndAmortization": "37000000",
        "incomeBeforeTax": "100000000",
        "incomeTaxExpense": "20000000",
        "interestAndDebtExpense": "30000000",
        "netIncomeFromContinuingOperations": "80000000",
        "comprehensiveIncomeNetOfTax": "109000000",
        "ebit": "130000000",
        "ebitda": "167000000",
        "netIncome": "80000000"
      },
      {
        "fiscalDateEnding": "2022-07-29",
        "reportedCurrency": "USD",
        "grossProfit": "219000000",
        "totalRevenue": "1831000000",
        "costOfRevenue": "1612000000",
        "costofGoodsAndServicesSold": "1612000000",
        "operatingIncome": "125000000",
        "sellingGeneralAndAdministrative": "93000000",
        "researchAndDevelopment": "None",
        "operatingExpenses": "128000000",
        "investmentIncomeNet": "None",
        "netInterestIncome": "-30000000",
        "interestIncome": "None",
        "interestExpense": "30000000",
        "nonInterestIncome": "1831000000",
        "otherNonOperatingIncome": "0",
        "depreciation": "None",
        "depreciationAndAmortization": "40000000",
        "incomeBeforeTax": "94000000",
        "incomeTaxExpense": "21000000",
        "interestAndDebtExpense": "30000000",
        "netIncomeFromContinuingOperations": "74000000",
        "comprehensiveIncomeNetOfTax": "70000000",
        "ebit": "124000000",
        "ebitda": "164000000",
        "netIncome": "73000000"
      },
      {
        "fiscalDateEnding": "2022-04-29",
        "reportedCurrency": "USD",
        "grossProfit": "226000000",
        "totalRevenue": "1996000000",
        "costOfRevenue": "1770000000",
        "costofGoodsAndServicesSold": "1770000000",
        "operatingIncome": "125000000",
        "sellingGeneralAndAdministrative": "92000000",
        "researchAndDevelopment": "None",
        "operatingExpenses": "142000000",
        "investmentIncomeNet": "None",
        "netInterestIncome": "-27000000",
        "interestIncome": "None",
        "interestExpense": "27000000",
        "nonInterestIncome": "1996000000",
        "otherNonOperatingIncome": "-3000000",
        "depreciation": "None",
        "depreciationAndAmortization": "41000000",
        "incomeBeforeTax": "94000000",
        "incomeTaxExpense": "21000000",
        "interestAndDebtExpense": "27000000",
        "netIncomeFromContinuingOperations": "74000000",
        "comprehensiveIncomeNetOfTax": "110000000",
        "ebit": "121000000",
        "ebitda": "162000000",
        "netIncome": "73000000"
      },
      {
        "fiscalDateEnding": "2022-01-28",
        "reportedCurrency": "USD",
        "grossProfit": "113000000",
        "totalRevenue": "1698000000",
        "costOfRevenue": "1585000000",
        "costofGoodsAndServicesSold": "1585000000",
        "operatingIncome": "85000000",
        "sellingGeneralAndAdministrative": "92000000",
        "researchAndDevelopment": "None",
        "operatingExpenses": "176000000",
        "investmentIncomeNet": "None",
        "netInterestIncome": "-26000000",
        "interestIncome": "None",
        "interestExpense": "26000000",
        "nonInterestIncome": "1782000000",
        "otherNonOperatingIncome": "-2000000",
        "depreciation": "None",
        "depreciationAndAmortization": "42000000",
        "incomeBeforeTax": "56000000",
        "incomeTaxExpense": "13000000",
        "interestAndDebtExpense": "26000000",
        "netIncomeFromContinuingOperations": "44000000",
        "comprehensiveIncomeNetOfTax": "63000000",
        "ebit": "82000000",
        "ebitda": "124000000",
        "netIncome": "43000000"
      },
      {
        "fiscalDateEnding": "2021-10-29",
        "reportedCurrency": "USD",
        "grossProfit": "213000000",
        "totalRevenue": "1898000000",
        "costOfRevenue": "1685000000",
        "costofGoodsAndServicesSold": "1685000000",
        "operatingIncome": "114000000",
        "sellingGeneralAndAdministrative": "87000000",
        "researchAndDevelopment": "None",
        "operatingExpenses": "132000000",
        "investmentIncomeNet": "None",
        "netInterestIncome": "-26000000",
        "interestIncome": "None",
        "interestExpense": "26000000",
        "nonInterestIncome": "1898000000",
        "otherNonOperatingIncome": "0",
        "depreciation": "None",
        "depreciationAndAmortization": "44000000",
        "incomeBeforeTax": "88000000",
        "incomeTaxExpense": "17000000",
        "interestAndDebtExpense": "26000000",
        "netIncomeFromContinuingOperations": "71000000",
        "comprehensiveIncomeNetOfTax": "88000000",
        "ebit": "114000000",
        "ebitda": "158000000",
        "netIncome": "71000000"
      },
      {
        "fiscalDateEnding": "2021-07-30",
        "reportedCurrency": "USD",
        "grossProfit": "232000000",
        "totalRevenue": "1836000000",
        "costOfRevenue": "1604000000",
        "costofGoodsAndServicesSold": "1604000000",
        "operatingIncome": "133000000",
        "sellingGeneralAndAdministrative": "85000000",
        "researchAndDevelopment": "None",
        "operatingExpenses": "128000000",
        "investmentIncomeNet": "None",
        "netInterestIncome": "-26000000",
        "interestIncome": "None",
        "interestExpense": "26000000",
        "nonInterestIncome": "1836000000",
        "otherNonOperatingIncome": "1000000",
        "depreciation": "None",
        "depreciationAndAmortization": "37000000",
        "incomeBeforeTax": "108000000",
        "incomeTaxExpense": "26000000",
        "interestAndDebtExpense": "26000000",
        "netIncomeFromContinuingOperations": "82000000",
        "comprehensiveIncomeNetOfTax": "83000000",
        "ebit": "134000000",
        "ebitda": "171000000",
        "netIncome": "82000000"
      },
      {
        "fiscalDateEnding": "2021-04-30",
        "reportedCurrency": "USD",
        "grossProfit": "217000000",
        "totalRevenue": "1878000000",
        "costOfRevenue": "1661000000",
        "costofGoodsAndServicesSold": "1661000000",
        "operatingIncome": "130000000",
        "sellingGeneralAndAdministrative": "80000000",
        "researchAndDevelopment": "None",
        "operatingExpenses": "129000000",
        "investmentIncomeNet": "None",
        "netInterestIncome": "-27000000",
        "interestIncome": "None",
        "interestExpense": "27000000",
        "nonInterestIncome": "1881000000",
        "otherNonOperatingIncome": "2000000",
        "depreciation": "None",
        "depreciationAndAmortization": "42000000",
        "incomeBeforeTax": "104000000",
        "incomeTaxExpense": "23000000",
        "interestAndDebtExpense": "27000000",
        "netIncomeFromContinuingOperations": "82000000",
        "comprehensiveIncomeNetOfTax": "95000000",
        "ebit": "131000000",
        "ebitda": "173000000",
        "netIncome": "81000000"
      },
      {
        "fiscalDateEnding": "2021-01-29",
        "reportedCurrency": "USD",
        "grossProfit": "1000000",
        "totalRevenue": "1627000000",
        "costOfRevenue": "1517000000",
        "costofGoodsAndServicesSold": "1517000000",
        "operatingIncome": "102000000",
        "sellingGeneralAndAdministrative": "91000000",
        "researchAndDevelopment": "None",
        "operatingExpenses": "-1000000",
        "investmentIncomeNet": "None",
        "netInterestIncome": "-27000000",
        "interestIncome": "None",
        "interestExpense": "27000000",
        "nonInterestIncome": "1717000000",
        "otherNonOperatingIncome": "3000000",
        "depreciation": "None",
        "depreciationAndAmortization": "48000000",
        "incomeBeforeTax": "79000000",
        "incomeTaxExpense": "17000000",
        "interestAndDebtExpense": "27000000",
        "netIncomeFromContinuingOperations": "2000000",
        "comprehensiveIncomeNetOfTax": "71000000",
        "ebit": "106000000",
        "ebitda": "154000000",
        "netIncome": "62000000"
      },
      {
        "fiscalDateEnding": "2020-10-30",
        "reportedCurrency": "USD",
        "grossProfit": "209000000",
        "totalRevenue": "1818000000",
        "costOfRevenue": "1609000000",
        "costofGoodsAndServicesSold": "1609000000",
        "operatingIncome": "110000000",
        "sellingGeneralAndAdministrative": "96000000",
        "researchAndDevelopment": "None",
        "operatingExpenses": "139000000",
        "investmentIncomeNet": "None",
        "netInterestIncome": "-32000000",
        "interestIncome": "None",
        "interestExpense": "32000000",
        "nonInterestIncome": "1818000000",
        "otherNonOperatingIncome": "0",
        "depreciation": "None",
        "depreciationAndAmortization": "48000000",
        "incomeBeforeTax": "78000000",
        "incomeTaxExpense": "18000000",
        "interestAndDebtExpense": "32000000",
        "netIncomeFromContinuingOperations": "60000000",
        "comprehensiveIncomeNetOfTax": "71000000",
        "ebit": "110000000",
        "ebitda": "158000000",
        "netIncome": "60000000"
      },
      {
        "fiscalDateEnding": "2020-07-31",
        "reportedCurrency": "USD",
        "grossProfit": "200000000",
        "totalRevenue": "1764000000",
        "costOfRevenue": "1564000000",
        "costofGoodsAndServicesSold": "1564000000",
        "operatingIncome": "100000000",
        "sellingGeneralAndAdministrative": "89000000",
        "researchAndDevelopment": "None",
        "operatingExpenses": "146000000",
        "investmentIncomeNet": "None",
        "netInterestIncome": "-32000000",
        "interestIncome": "None",
        "interestExpense": "32000000",
        "nonInterestIncome": "1764000000",
        "otherNonOperatingIncome": "2000000",
        "depreciation": "None",
        "depreciationAndAmortization": "50000000",
        "incomeBeforeTax": "68000000",
        "incomeTaxExpense": "17000000",
        "interestAndDebtExpense": "32000000",
        "netIncomeFromContinuingOperations": "53000000",
        "comprehensiveIncomeNetOfTax": "50000000",
        "ebit": "100000000",
        "ebitda": "150000000",
        "netIncome": "51000000"
      },
      {
        "fiscalDateEnding": "2020-05-01",
        "reportedCurrency": "USD",
        "grossProfit": "183000000",
        "totalRevenue": "1757000000",
        "costOfRevenue": "1574000000",
        "costofGoodsAndServicesSold": "1574000000",
        "operatingIncome": "78000000",
        "sellingGeneralAndAdministrative": "76000000",
        "researchAndDevelopment": "None",
        "operatingExpenses": "138000000",
        "investmentIncomeNet": "None",
        "netInterestIncome": "-31000000",
        "interestIncome": "None",
        "interestExpense": "31000000",
        "nonInterestIncome": "1757000000",
        "otherNonOperatingIncome": "-2000000",
        "depreciation": "None",
        "depreciationAndAmortization": "33000000",
        "incomeBeforeTax": "44000000",
        "incomeTaxExpense": "8000000",
        "interestAndDebtExpense": "31000000",
        "netIncomeFromContinuingOperations": "37000000",
        "comprehensiveIncomeNetOfTax": "0",
        "ebit": "75000000",
        "ebitda": "108000000",
        "netIncome": "36000000"
      },
      {
        "fiscalDateEnding": "2020-01-31",
        "reportedCurrency": "USD",
        "grossProfit": "1540000000",
        "totalRevenue": "1540000000",
        "costOfRevenue": "1373000000",
        "costofGoodsAndServicesSold": "1373000000",
        "operatingIncome": "88000000",
        "sellingGeneralAndAdministrative": "61000000",
        "researchAndDevelopment": "None",
        "operatingExpenses": "142000000",
        "investmentIncomeNet": "None",
        "netInterestIncome": "-21000000",
        "interestIncome": "21000000",
        "interestExpense": "21000000",
        "nonInterestIncome": "1540000000",
        "otherNonOperatingIncome": "2000000",
        "depreciation": "None",
        "depreciationAndAmortization": "33000000",
        "incomeBeforeTax": "69000000",
        "incomeTaxExpense": "9000000",
        "interestAndDebtExpense": "21000000",
        "netIncomeFromContinuingOperations": "88000000",
        "comprehensiveIncomeNetOfTax": "49000000",
        "ebit": "90000000",
        "ebitda": "123000000",
        "netIncome": "60000000"
      },
      {
        "fiscalDateEnding": "2019-11-01",
        "reportedCurrency": "USD",
        "grossProfit": "174000000",
        "totalRevenue": "1630000000",
        "costOfRevenue": "1456000000",
        "costofGoodsAndServicesSold": "1456000000",
        "operatingIncome": "94000000",
        "sellingGeneralAndAdministrative": "68000000",
        "researchAndDevelopment": "None",
        "operatingExpenses": "104000000",
        "investmentIncomeNet": "None",
        "netInterestIncome": "-22000000",
        "interestIncome": "None",
        "interestExpense": "22000000",
        "nonInterestIncome": "1630000000",
        "otherNonOperatingIncome": "1000000",
        "depreciation": "None",
        "depreciationAndAmortization": "32000000",
        "incomeBeforeTax": "72000000",
        "incomeTaxExpense": "17000000",
        "interestAndDebtExpense": "22000000",
        "netIncomeFromContinuingOperations": "94000000",
        "comprehensiveIncomeNetOfTax": "52000000",
        "ebit": "94000000",
        "ebitda": "126000000",
        "netIncome": "55000000"
      },
      {
        "fiscalDateEnding": "2019-08-02",
        "reportedCurrency": "USD",
        "grossProfit": "185000000",
        "totalRevenue": "1594000000",
        "costOfRevenue": "1409000000",
        "costofGoodsAndServicesSold": "1409000000",
        "operatingIncome": "95000000",
        "sellingGeneralAndAdministrative": "82000000",
        "researchAndDevelopment": "None",
        "operatingExpenses": "114000000",
        "investmentIncomeNet": "None",
        "netInterestIncome": "-22000000",
        "interestIncome": "None",
        "interestExpense": "22000000",
        "nonInterestIncome": "1594000000",
        "otherNonOperatingIncome": "1000000",
        "depreciation": "None",
        "depreciationAndAmortization": "33000000",
        "incomeBeforeTax": "74000000",
        "incomeTaxExpense": "17000000",
        "interestAndDebtExpense": "22000000",
        "netIncomeFromContinuingOperations": "95000000",
        "comprehensiveIncomeNetOfTax": "22000000",
        "ebit": "96000000",
        "ebitda": "129000000",
        "netIncome": "57000000"
      },
      {
        "fiscalDateEnding": "2019-05-03",
        "reportedCurrency": "USD",
        "grossProfit": "180000000",
        "totalRevenue": "1615000000",
        "costOfRevenue": "1435000000",
        "costofGoodsAndServicesSold": "1435000000",
        "operatingIncome": "93000000",
        "sellingGeneralAndAdministrative": "77000000",
        "researchAndDevelopment": "None",
        "operatingExpenses": "124000000",
        "investmentIncomeNet": "None",
        "netInterestIncome": "-25000000",
        "interestIncome": "None",
        "interestExpense": "25000000",
        "nonInterestIncome": "1615000000",
        "otherNonOperatingIncome": "2000000",
        "depreciation": "None",
        "depreciationAndAmortization": "33000000",
        "incomeBeforeTax": "69000000",
        "incomeTaxExpense": "14000000",
        "interestAndDebtExpense": "25000000",
        "netIncomeFromContinuingOperations": "93000000",
        "comprehensiveIncomeNetOfTax": "45000000",
        "ebit": "94000000",
        "ebitda": "127000000",
        "netIncome": "55000000"
      },
      {
        "fiscalDateEnding": "2019-02-01",
        "reportedCurrency": "USD",
        "grossProfit": "1192000000",
        "totalRevenue": "1192000000",
        "costOfRevenue": "1070000000",
        "costofGoodsAndServicesSold": "1000000",
        "operatingIncome": "7000000",
        "sellingGeneralAndAdministrative": "43000000",
        "researchAndDevelopment": "5000000",
        "operatingExpenses": "179000000",
        "investmentIncomeNet": "None",
        "netInterestIncome": "-15000000",
        "interestIncome": "None",
        "interestExpense": "15000000",
        "nonInterestIncome": "1192000000",
        "otherNonOperatingIncome": "1000000",
        "depreciation": "None",
        "depreciationAndAmortization": "14000000",
        "incomeBeforeTax": "-7000000",
        "incomeTaxExpense": "2000000",
        "interestAndDebtExpense": "23000000",
        "netIncomeFromContinuingOperations": "7000000",
        "comprehensiveIncomeNetOfTax": "-28000000",
        "ebit": "8000000",
        "ebitda": "22000000",
        "netIncome": "-9000000"
      },
      {
        "fiscalDateEnding": "2018-11-02",
        "reportedCurrency": "USD",
        "grossProfit": "129000000",
        "totalRevenue": "1177000000",
        "costOfRevenue": "1048000000",
        "costofGoodsAndServicesSold": "1048000000",
        "operatingIncome": "73000000",
        "sellingGeneralAndAdministrative": "42000000",
        "researchAndDevelopment": "None",
        "operatingExpenses": "42000000",
        "investmentIncomeNet": "None",
        "netInterestIncome": "-16000000",
        "interestIncome": "None",
        "interestExpense": "16000000",
        "nonInterestIncome": "1177000000",
        "otherNonOperatingIncome": "1000000",
        "depreciation": "None",
        "depreciationAndAmortization": "11000000",
        "incomeBeforeTax": "58000000",
        "incomeTaxExpense": "10000000",
        "interestAndDebtExpense": "16000000",
        "netIncomeFromContinuingOperations": "73000000",
        "comprehensiveIncomeNetOfTax": "49000000",
        "ebit": "74000000",
        "ebitda": "85000000",
        "netIncome": "48000000"
      },
      {
        "fiscalDateEnding": "2018-08-03",
        "reportedCurrency": "USD",
        "grossProfit": "112000000",
        "totalRevenue": "1115000000",
        "costOfRevenue": "1003000000",
        "costofGoodsAndServicesSold": "1003000000",
        "operatingIncome": "74000000",
        "sellingGeneralAndAdministrative": "38000000",
        "researchAndDevelopment": "None",
        "operatingExpenses": "38000000",
        "investmentIncomeNet": "None",
        "netInterestIncome": "-10000000",
        "interestIncome": "None",
        "interestExpense": "10000000",
        "nonInterestIncome": "1115000000",
        "otherNonOperatingIncome": "0",
        "depreciation": "None",
        "depreciationAndAmortization": "11000000",
        "incomeBeforeTax": "64000000",
        "incomeTaxExpense": "15000000",
        "interestAndDebtExpense": "10000000",
        "netIncomeFromContinuingOperations": "74000000",
        "comprehensiveIncomeNetOfTax": "48000000",
        "ebit": "74000000",
        "ebitda": "85000000",
        "netIncome": "49000000"
      }
    ]
  },
  {
    "symbol": "BA",
    "annualReports": [
      {
        "fiscalDateEnding": "2022-12-31",
        "reportedCurrency": "USD",
        "grossProfit": "3502000000",
        "totalRevenue": "66608000000",
        "costOfRevenue": "63106000000",
        "costofGoodsAndServicesSold": "63106000000",
        "operatingIncome": "-3547000000",
        "sellingGeneralAndAdministrative": "4187000000",
        "researchAndDevelopment": "2852000000",
        "operatingExpenses": "7384000000",
        "investmentIncomeNet": "None",
        "netInterestIncome": "-2650000000",
        "interestIncome": "2533000000",
        "interestExpense": "2650000000",
        "nonInterestIncome": "6000000",
        "otherNonOperatingIncome": "1058000000",
        "depreciation": "None",
        "depreciationAndAmortization": "241000000",
        "incomeBeforeTax": "-4904000000",
        "incomeTaxExpense": "31000000",
        "interestAndDebtExpense": "2533000000",
        "netIncomeFromContinuingOperations": "-5053000000",
        "comprehensiveIncomeNetOfTax": "-2826000000",
        "ebit": "-3547000000",
        "ebitda": "-2013000000",
        "netIncome": "-4935000000"
      },
      {
        "fiscalDateEnding": "2021-12-31",
        "reportedCurrency": "USD",
        "grossProfit": "3017000000",
        "totalRevenue": "62286000000",
        "costOfRevenue": "59269000000",
        "costofGoodsAndServicesSold": "59269000000",
        "operatingIncome": "-2902000000",
        "sellingGeneralAndAdministrative": "4157000000",
        "researchAndDevelopment": "2249000000",
        "operatingExpenses": "6535000000",
        "investmentIncomeNet": "None",
        "netInterestIncome": "-2790000000",
        "interestIncome": "2682000000",
        "interestExpense": "2790000000",
        "nonInterestIncome": "277000000",
        "otherNonOperatingIncome": "551000000",
        "depreciation": "None",
        "depreciationAndAmortization": "284000000",
        "incomeBeforeTax": "-4945000000",
        "incomeTaxExpense": "-743000000",
        "interestAndDebtExpense": "2682000000",
        "netIncomeFromContinuingOperations": "-4290000000",
        "comprehensiveIncomeNetOfTax": "1272000000",
        "ebit": "-2902000000",
        "ebitda": "-1871000000",
        "netIncome": "-4202000000"
      },
      {
        "fiscalDateEnding": "2020-12-31",
        "reportedCurrency": "USD",
        "grossProfit": "-5685000000",
        "totalRevenue": "58158000000",
        "costOfRevenue": "63843000000",
        "costofGoodsAndServicesSold": "63843000000",
        "operatingIncome": "-12767000000",
        "sellingGeneralAndAdministrative": "4817000000",
        "researchAndDevelopment": "2476000000",
        "operatingExpenses": "8132000000",
        "investmentIncomeNet": "None",
        "netInterestIncome": "-2280000000",
        "interestIncome": "2156000000",
        "interestExpense": "2280000000",
        "nonInterestIncome": "202000000",
        "otherNonOperatingIncome": "447000000",
        "depreciation": "None",
        "depreciationAndAmortization": "317000000",
        "incomeBeforeTax": "-14408000000",
        "incomeTaxExpense": "-2535000000",
        "interestAndDebtExpense": "2156000000",
        "netIncomeFromContinuingOperations": "-11941000000",
        "comprehensiveIncomeNetOfTax": "-12853000000",
        "ebit": "-12767000000",
        "ebitda": "-11811000000",
        "netIncome": "-11873000000"
      },
      {
        "fiscalDateEnding": "2019-12-31",
        "reportedCurrency": "USD",
        "grossProfit": "4466000000",
        "totalRevenue": "76559000000",
        "costOfRevenue": "72093000000",
        "costofGoodsAndServicesSold": "72093000000",
        "operatingIncome": "-1975000000",
        "sellingGeneralAndAdministrative": "3909000000",
        "researchAndDevelopment": "3219000000",
        "operatingExpenses": "7211000000",
        "investmentIncomeNet": "None",
        "netInterestIncome": "-867000000",
        "interestIncome": "722000000",
        "interestExpense": "867000000",
        "nonInterestIncome": "77250000000",
        "otherNonOperatingIncome": "438000000",
        "depreciation": "None",
        "depreciationAndAmortization": "331000000",
        "incomeBeforeTax": "-2259000000",
        "incomeTaxExpense": "-1623000000",
        "interestAndDebtExpense": "722000000",
        "netIncomeFromContinuingOperations": "-636000000",
        "comprehensiveIncomeNetOfTax": "-1706000000",
        "ebit": "-1975000000",
        "ebitda": "-1061000000",
        "netIncome": "-636000000"
      },
      {
        "fiscalDateEnding": "2018-12-31",
        "reportedCurrency": "USD",
        "grossProfit": "19637000000",
        "totalRevenue": "101127000000",
        "costOfRevenue": "81490000000",
        "costofGoodsAndServicesSold": "81490000000",
        "operatingIncome": "11987000000",
        "sellingGeneralAndAdministrative": "4567000000",
        "researchAndDevelopment": "3269000000",
        "operatingExpenses": "8126000000",
        "investmentIncomeNet": "None",
        "netInterestIncome": "-624000000",
        "interestIncome": "474000000",
        "interestExpense": "624000000",
        "nonInterestIncome": "75000000",
        "otherNonOperatingIncome": "92000000",
        "depreciation": "None",
        "depreciationAndAmortization": "272000000",
        "incomeBeforeTax": "11604000000",
        "incomeTaxExpense": "1144000000",
        "interestAndDebtExpense": "475000000",
        "netIncomeFromContinuingOperations": "10460000000",
        "comprehensiveIncomeNetOfTax": "11750000000",
        "ebit": "11987000000",
        "ebitda": "12500000000",
        "netIncome": "10460000000"
      }
    ],
    "quarterlyReports": [
      {
        "fiscalDateEnding": "2023-06-30",
        "reportedCurrency": "USD",
        "grossProfit": "1939000000",
        "totalRevenue": "19751000000",
        "costOfRevenue": "17812000000",
        "costofGoodsAndServicesSold": "17812000000",
        "operatingIncome": "-99000000",
        "sellingGeneralAndAdministrative": "1286000000",
        "researchAndDevelopment": "797000000",
        "operatingExpenses": "2082000000",
        "investmentIncomeNet": "None",
        "netInterestIncome": "-621000000",
        "interestIncome": "621000000",
        "interestExpense": "621000000",
        "nonInterestIncome": "1000000",
        "otherNonOperatingIncome": "320000000",
        "depreciation": "None",
        "depreciationAndAmortization": "456000000",
        "incomeBeforeTax": "-400000000",
        "incomeTaxExpense": "-251000000",
        "interestAndDebtExpense": "621000000",
        "netIncomeFromContinuingOperations": "-149000000",
        "comprehensiveIncomeNetOfTax": "-216000000",
        "ebit": "-99000000",
        "ebitda": "632000000",
        "netIncome": "-149000000"
      },
      {
        "fiscalDateEnding": "2023-03-31",
        "reportedCurrency": "USD",
        "grossProfit": "1923000000",
        "totalRevenue": "17921000000",
        "costOfRevenue": "15998000000",
        "costofGoodsAndServicesSold": "15998000000",
        "operatingIncome": "-149000000",
        "sellingGeneralAndAdministrative": "1304000000",
        "researchAndDevelopment": "741000000",
        "operatingExpenses": "2055000000",
        "investmentIncomeNet": "None",
        "netInterestIncome": "-649000000",
        "interestIncome": "649000000",
        "interestExpense": "649000000",
        "nonInterestIncome": "None",
        "otherNonOperatingIncome": "302000000",
        "depreciation": "None",
        "depreciationAndAmortization": "457000000",
        "incomeBeforeTax": "-485000000",
        "incomeTaxExpense": "-71000000",
        "interestAndDebtExpense": "649000000",
        "netIncomeFromContinuingOperations": "-425000000",
        "comprehensiveIncomeNetOfTax": "-414000000",
        "ebit": "-149000000",
        "ebitda": "637000000",
        "netIncome": "-414000000"
      },
      {
        "fiscalDateEnding": "2022-12-31",
        "reportedCurrency": "USD",
        "grossProfit": "1856000000",
        "totalRevenue": "19980000000",
        "costOfRevenue": "18124000000",
        "costofGoodsAndServicesSold": "18124000000",
        "operatingIncome": "-353000000",
        "sellingGeneralAndAdministrative": "1430000000",
        "researchAndDevelopment": "794000000",
        "operatingExpenses": "2493000000",
        "investmentIncomeNet": "None",
        "netInterestIncome": "-632000000",
        "interestIncome": "632000000",
        "interestExpense": "632000000",
        "nonInterestIncome": "4000000",
        "otherNonOperatingIncome": "336000000",
        "depreciation": "None",
        "depreciationAndAmortization": "336000000",
        "incomeBeforeTax": "-620000000",
        "incomeTaxExpense": "14000000",
        "interestAndDebtExpense": "632000000",
        "netIncomeFromContinuingOperations": "-663000000",
        "comprehensiveIncomeNetOfTax": "1334000000",
        "ebit": "-353000000",
        "ebitda": "-32000000",
        "netIncome": "-634000000"
      },
      {
        "fiscalDateEnding": "2022-09-30",
        "reportedCurrency": "USD",
        "grossProfit": "-822000000",
        "totalRevenue": "15956000000",
        "costOfRevenue": "16778000000",
        "costofGoodsAndServicesSold": "16778000000",
        "operatingIncome": "-2799000000",
        "sellingGeneralAndAdministrative": "1226000000",
        "researchAndDevelopment": "727000000",
        "operatingExpenses": "1953000000",
        "investmentIncomeNet": "None",
        "netInterestIncome": "-621000000",
        "interestIncome": "621000000",
        "interestExpense": "621000000",
        "nonInterestIncome": "0",
        "otherNonOperatingIncome": "288000000",
        "depreciation": "None",
        "depreciationAndAmortization": "805000000",
        "incomeBeforeTax": "-3099000000",
        "incomeTaxExpense": "176000000",
        "interestAndDebtExpense": "621000000",
        "netIncomeFromContinuingOperations": "-3308000000",
        "comprehensiveIncomeNetOfTax": "-3306000000",
        "ebit": "-2799000000",
        "ebitda": "-1994000000",
        "netIncome": "-3275000000"
      },
      {
        "fiscalDateEnding": "2022-06-30",
        "reportedCurrency": "USD",
        "grossProfit": "2128000000",
        "totalRevenue": "16681000000",
        "costOfRevenue": "14553000000",
        "costofGoodsAndServicesSold": "14559000000",
        "operatingIncome": "780000000",
        "sellingGeneralAndAdministrative": "668000000",
        "researchAndDevelopment": "698000000",
        "operatingExpenses": "1365000000",
        "investmentIncomeNet": "None",
        "netInterestIncome": "-650000000",
        "interestIncome": "650000000",
        "interestExpense": "650000000",
        "nonInterestIncome": "1000000",
        "otherNonOperatingIncome": "253000000",
        "depreciation": "None",
        "depreciationAndAmortization": "733000000",
        "incomeBeforeTax": "410000000",
        "incomeTaxExpense": "217000000",
        "interestAndDebtExpense": "656000000",
        "netIncomeFromContinuingOperations": "160000000",
        "comprehensiveIncomeNetOfTax": "76000000",
        "ebit": "774000000",
        "ebitda": "1507000000",
        "netIncome": "193000000"
      },
      {
        "fiscalDateEnding": "2022-03-31",
        "reportedCurrency": "USD",
        "grossProfit": "353000000",
        "totalRevenue": "13991000000",
        "costOfRevenue": "13638000000",
        "costofGoodsAndServicesSold": "13645000000",
        "operatingIncome": "-1162000000",
        "sellingGeneralAndAdministrative": "863000000",
        "researchAndDevelopment": "633000000",
        "operatingExpenses": "1574000000",
        "investmentIncomeNet": "None",
        "netInterestIncome": "-630000000",
        "interestIncome": "630000000",
        "interestExpense": "630000000",
        "nonInterestIncome": "1000000",
        "otherNonOperatingIncome": "181000000",
        "depreciation": "None",
        "depreciationAndAmortization": "667000000",
        "incomeBeforeTax": "-1595000000",
        "incomeTaxExpense": "-376000000",
        "interestAndDebtExpense": "637000000",
        "netIncomeFromContinuingOperations": "-1242000000",
        "comprehensiveIncomeNetOfTax": "-930000000",
        "ebit": "-1169000000",
        "ebitda": "-483000000",
        "netIncome": "-1219000000"
      },
      {
        "fiscalDateEnding": "2021-12-31",
        "reportedCurrency": "USD",
        "grossProfit": "-2514000000",
        "totalRevenue": "14793000000",
        "costOfRevenue": "17307000000",
        "costofGoodsAndServicesSold": "17307000000",
        "operatingIncome": "-4171000000",
        "sellingGeneralAndAdministrative": "988000000",
        "researchAndDevelopment": "678000000",
        "operatingExpenses": "1991000000",
        "investmentIncomeNet": "None",
        "netInterestIncome": "-661000000",
        "interestIncome": "661000000",
        "interestExpense": "661000000",
        "nonInterestIncome": "-6000000",
        "otherNonOperatingIncome": "132000000",
        "depreciation": "None",
        "depreciationAndAmortization": "534000000",
        "incomeBeforeTax": "-4679000000",
        "incomeTaxExpense": "-536000000",
        "interestAndDebtExpense": "661000000",
        "netIncomeFromContinuingOperations": "-4164000000",
        "comprehensiveIncomeNetOfTax": "-984000000",
        "ebit": "-4171000000",
        "ebitda": "-3484000000",
        "netIncome": "-4143000000"
      },
      {
        "fiscalDateEnding": "2021-09-30",
        "reportedCurrency": "USD",
        "grossProfit": "1712000000",
        "totalRevenue": "15278000000",
        "costOfRevenue": "13566000000",
        "costofGoodsAndServicesSold": "13566000000",
        "operatingIncome": "329000000",
        "sellingGeneralAndAdministrative": "1097000000",
        "researchAndDevelopment": "575000000",
        "operatingExpenses": "1503000000",
        "investmentIncomeNet": "None",
        "netInterestIncome": "-669000000",
        "interestIncome": "669000000",
        "interestExpense": "669000000",
        "nonInterestIncome": "169000000",
        "otherNonOperatingIncome": "30000000",
        "depreciation": "None",
        "depreciationAndAmortization": "523000000",
        "incomeBeforeTax": "-287000000",
        "incomeTaxExpense": "-178000000",
        "interestAndDebtExpense": "669000000",
        "netIncomeFromContinuingOperations": "-132000000",
        "comprehensiveIncomeNetOfTax": "1734000000",
        "ebit": "329000000",
        "ebitda": "905000000",
        "netIncome": "-109000000"
      },
      {
        "fiscalDateEnding": "2021-06-30",
        "reportedCurrency": "USD",
        "grossProfit": "2410000000",
        "totalRevenue": "16998000000",
        "costOfRevenue": "14588000000",
        "costofGoodsAndServicesSold": "14588000000",
        "operatingIncome": "1023000000",
        "sellingGeneralAndAdministrative": "1040000000",
        "researchAndDevelopment": "497000000",
        "operatingExpenses": "1425000000",
        "investmentIncomeNet": "None",
        "netInterestIncome": "-673000000",
        "interestIncome": "673000000",
        "interestExpense": "673000000",
        "nonInterestIncome": "112000000",
        "otherNonOperatingIncome": "199000000",
        "depreciation": "None",
        "depreciationAndAmortization": "551000000",
        "incomeBeforeTax": "569000000",
        "incomeTaxExpense": "-18000000",
        "interestAndDebtExpense": "673000000",
        "netIncomeFromContinuingOperations": "567000000",
        "comprehensiveIncomeNetOfTax": "878000000",
        "ebit": "1023000000",
        "ebitda": "1793000000",
        "netIncome": "587000000"
      },
      {
        "fiscalDateEnding": "2021-03-31",
        "reportedCurrency": "USD",
        "grossProfit": "1409000000",
        "totalRevenue": "15217000000",
        "costOfRevenue": "13808000000",
        "costofGoodsAndServicesSold": "13808000000",
        "operatingIncome": "-83000000",
        "sellingGeneralAndAdministrative": "1032000000",
        "researchAndDevelopment": "499000000",
        "operatingExpenses": "1555000000",
        "investmentIncomeNet": "None",
        "netInterestIncome": "-679000000",
        "interestIncome": "679000000",
        "interestExpense": "679000000",
        "nonInterestIncome": "2000000",
        "otherNonOperatingIncome": "190000000",
        "depreciation": "None",
        "depreciationAndAmortization": "536000000",
        "incomeBeforeTax": "-548000000",
        "incomeTaxExpense": "-11000000",
        "interestAndDebtExpense": "679000000",
        "netIncomeFromContinuingOperations": "-561000000",
        "comprehensiveIncomeNetOfTax": "-356000000",
        "ebit": "-83000000",
        "ebitda": "643000000",
        "netIncome": "-537000000"
      },
      {
        "fiscalDateEnding": "2020-12-31",
        "reportedCurrency": "USD",
        "grossProfit": "-5688000000",
        "totalRevenue": "15304000000",
        "costOfRevenue": "20992000000",
        "costofGoodsAndServicesSold": "20992000000",
        "operatingIncome": "-8049000000",
        "sellingGeneralAndAdministrative": "1828000000",
        "researchAndDevelopment": "605000000",
        "operatingExpenses": "2859000000",
        "investmentIncomeNet": "None",
        "netInterestIncome": "-698000000",
        "interestIncome": "698000000",
        "interestExpense": "698000000",
        "nonInterestIncome": "2000000",
        "otherNonOperatingIncome": "122000000",
        "depreciation": "None",
        "depreciationAndAmortization": "578000000",
        "incomeBeforeTax": "-8606000000",
        "incomeTaxExpense": "-186000000",
        "interestAndDebtExpense": "698000000",
        "netIncomeFromContinuingOperations": "-8049000000",
        "comprehensiveIncomeNetOfTax": "-9774000000",
        "ebit": "-8049000000",
        "ebitda": "-7330000000",
        "netIncome": "-8420000000"
      },
      {
        "fiscalDateEnding": "2020-09-30",
        "reportedCurrency": "USD",
        "grossProfit": "1034000000",
        "totalRevenue": "14139000000",
        "costOfRevenue": "13105000000",
        "costofGoodsAndServicesSold": "13105000000",
        "operatingIncome": "-401000000",
        "sellingGeneralAndAdministrative": "955000000",
        "researchAndDevelopment": "574000000",
        "operatingExpenses": "1421000000",
        "investmentIncomeNet": "None",
        "netInterestIncome": "-643000000",
        "interestIncome": "643000000",
        "interestExpense": "643000000",
        "nonInterestIncome": "108000000",
        "otherNonOperatingIncome": "119000000",
        "depreciation": "None",
        "depreciationAndAmortization": "565000000",
        "incomeBeforeTax": "-908000000",
        "incomeTaxExpense": "-459000000",
        "interestAndDebtExpense": "643000000",
        "netIncomeFromContinuingOperations": "-466000000",
        "comprehensiveIncomeNetOfTax": "-203000000",
        "ebit": "-401000000",
        "ebitda": "300000000",
        "netIncome": "-449000000"
      },
      {
        "fiscalDateEnding": "2020-06-30",
        "reportedCurrency": "USD",
        "grossProfit": "-1171000000",
        "totalRevenue": "11807000000",
        "costOfRevenue": "12978000000",
        "costofGoodsAndServicesSold": "12978000000",
        "operatingIncome": "-2964000000",
        "sellingGeneralAndAdministrative": "1161000000",
        "researchAndDevelopment": "625000000",
        "operatingExpenses": "2400000000",
        "investmentIncomeNet": "None",
        "netInterestIncome": "-553000000",
        "interestIncome": "547000000",
        "interestExpense": "553000000",
        "nonInterestIncome": "38000000",
        "otherNonOperatingIncome": "94000000",
        "depreciation": "None",
        "depreciationAndAmortization": "547000000",
        "incomeBeforeTax": "-3404000000",
        "incomeTaxExpense": "-1028000000",
        "interestAndDebtExpense": "553000000",
        "netIncomeFromContinuingOperations": "-2395000000",
        "comprehensiveIncomeNetOfTax": "-2068000000",
        "ebit": "-2964000000",
        "ebitda": "-2304000000",
        "netIncome": "-2376000000"
      },
      {
        "fiscalDateEnding": "2020-03-31",
        "reportedCurrency": "USD",
        "grossProfit": "140000000",
        "totalRevenue": "16908000000",
        "costOfRevenue": "16768000000",
        "costofGoodsAndServicesSold": "16768000000",
        "operatingIncome": "-1353000000",
        "sellingGeneralAndAdministrative": "873000000",
        "researchAndDevelopment": "672000000",
        "operatingExpenses": "1546000000",
        "investmentIncomeNet": "None",
        "netInterestIncome": "-262000000",
        "interestIncome": "257000000",
        "interestExpense": "262000000",
        "nonInterestIncome": "54000000",
        "otherNonOperatingIncome": "112000000",
        "depreciation": "None",
        "depreciationAndAmortization": "556000000",
        "incomeBeforeTax": "-1490000000",
        "incomeTaxExpense": "-862000000",
        "interestAndDebtExpense": "262000000",
        "netIncomeFromContinuingOperations": "-641000000",
        "comprehensiveIncomeNetOfTax": "-808000000",
        "ebit": "-1353000000",
        "ebitda": "-672000000",
        "netIncome": "-628000000"
      },
      {
        "fiscalDateEnding": "2019-12-31",
        "reportedCurrency": "USD",
        "grossProfit": "-797000000",
        "totalRevenue": "17911000000",
        "costOfRevenue": "18708000000",
        "costofGoodsAndServicesSold": "18708000000",
        "operatingIncome": "-2204000000",
        "sellingGeneralAndAdministrative": "1052000000",
        "researchAndDevelopment": "749000000",
        "operatingExpenses": "-395",
        "investmentIncomeNet": "None",
        "netInterestIncome": "-242000000",
        "interestIncome": "242000000",
        "interestExpense": "242000000",
        "nonInterestIncome": "395",
        "otherNonOperatingIncome": "104000000",
        "depreciation": "None",
        "depreciationAndAmortization": "628000000",
        "incomeBeforeTax": "-2342000000",
        "incomeTaxExpense": "-1332000000",
        "interestAndDebtExpense": "242000000",
        "netIncomeFromContinuingOperations": "-2204000000",
        "comprehensiveIncomeNetOfTax": "-2236000000",
        "ebit": "-2204000000",
        "ebitda": "-1472000000",
        "netIncome": "-1010000000"
      },
      {
        "fiscalDateEnding": "2019-09-30",
        "reportedCurrency": "USD",
        "grossProfit": "3050000000",
        "totalRevenue": "19980000000",
        "costOfRevenue": "16930000000",
        "costofGoodsAndServicesSold": "16930000000",
        "operatingIncome": "1259000000",
        "sellingGeneralAndAdministrative": "1001000000",
        "researchAndDevelopment": "778000000",
        "operatingExpenses": "1783000000",
        "investmentIncomeNet": "None",
        "netInterestIncome": "-203000000",
        "interestIncome": "204000000",
        "interestExpense": "203000000",
        "nonInterestIncome": "-4000000",
        "otherNonOperatingIncome": "121000000",
        "depreciation": "None",
        "depreciationAndAmortization": "576000000",
        "incomeBeforeTax": "1177000000",
        "incomeTaxExpense": "10000000",
        "interestAndDebtExpense": "203000000",
        "netIncomeFromContinuingOperations": "1167000000",
        "comprehensiveIncomeNetOfTax": "1148000000",
        "ebit": "1259000000",
        "ebitda": "1956000000",
        "netIncome": "1167000000"
      },
      {
        "fiscalDateEnding": "2019-06-30",
        "reportedCurrency": "USD",
        "grossProfit": "-2059000000",
        "totalRevenue": "15751000000",
        "costOfRevenue": "17810000000",
        "costofGoodsAndServicesSold": "17810000000",
        "operatingIncome": "-3380000000",
        "sellingGeneralAndAdministrative": "672000000",
        "researchAndDevelopment": "826000000",
        "operatingExpenses": "1306000000",
        "investmentIncomeNet": "None",
        "netInterestIncome": "-154000000",
        "interestIncome": "154000000",
        "interestExpense": "154000000",
        "nonInterestIncome": "192000000",
        "otherNonOperatingIncome": "107000000",
        "depreciation": "None",
        "depreciationAndAmortization": "546000000",
        "incomeBeforeTax": "-3427000000",
        "incomeTaxExpense": "-485000000",
        "interestAndDebtExpense": "154000000",
        "netIncomeFromContinuingOperations": "-2942000000",
        "comprehensiveIncomeNetOfTax": "-2881000000",
        "ebit": "-3380000000",
        "ebitda": "-2727000000",
        "netIncome": "-2942000000"
      },
      {
        "fiscalDateEnding": "2019-03-31",
        "reportedCurrency": "USD",
        "grossProfit": "4272000000",
        "totalRevenue": "22917000000",
        "costOfRevenue": "18645000000",
        "costofGoodsAndServicesSold": "18645000000",
        "operatingIncome": "2350000000",
        "sellingGeneralAndAdministrative": "1184000000",
        "researchAndDevelopment": "866000000",
        "operatingExpenses": "1976000000",
        "investmentIncomeNet": "None",
        "netInterestIncome": "-123000000",
        "interestIncome": "None",
        "interestExpense": "123000000",
        "nonInterestIncome": "108000000",
        "otherNonOperatingIncome": "106000000",
        "depreciation": "None",
        "depreciationAndAmortization": "521000000",
        "incomeBeforeTax": "2333000000",
        "incomeTaxExpense": "184000000",
        "interestAndDebtExpense": "123000000",
        "netIncomeFromContinuingOperations": "2149000000",
        "comprehensiveIncomeNetOfTax": "2263000000",
        "ebit": "2350000000",
        "ebitda": "2977000000",
        "netIncome": "2149000000"
      },
      {
        "fiscalDateEnding": "2018-12-31",
        "reportedCurrency": "USD",
        "grossProfit": "6251000000",
        "totalRevenue": "28341000000",
        "costOfRevenue": "22090000000",
        "costofGoodsAndServicesSold": "22090000000",
        "operatingIncome": "4175000000",
        "sellingGeneralAndAdministrative": "1222000000",
        "researchAndDevelopment": "852000000",
        "operatingExpenses": "2377000000",
        "investmentIncomeNet": "None",
        "netInterestIncome": "None",
        "interestIncome": "None",
        "interestExpense": "158000000",
        "nonInterestIncome": "-1000000",
        "otherNonOperatingIncome": "29000000",
        "depreciation": "None",
        "depreciationAndAmortization": "583000000",
        "incomeBeforeTax": "4046000000",
        "incomeTaxExpense": "622000000",
        "interestAndDebtExpense": "158000000",
        "netIncomeFromContinuingOperations": "4175000000",
        "comprehensiveIncomeNetOfTax": "4290000000",
        "ebit": "4175000000",
        "ebitda": "4787000000",
        "netIncome": "3424000000"
      },
      {
        "fiscalDateEnding": "2018-09-30",
        "reportedCurrency": "USD",
        "grossProfit": "4106000000",
        "totalRevenue": "25146000000",
        "costOfRevenue": "21040000000",
        "costofGoodsAndServicesSold": "21040000000",
        "operatingIncome": "2227000000",
        "sellingGeneralAndAdministrative": "1154000000",
        "researchAndDevelopment": "826000000",
        "operatingExpenses": "1911000000",
        "investmentIncomeNet": "None",
        "netInterestIncome": "None",
        "interestIncome": "None",
        "interestExpense": "106000000",
        "nonInterestIncome": "69000000",
        "otherNonOperatingIncome": "12000000",
        "depreciation": "None",
        "depreciationAndAmortization": "523000000",
        "incomeBeforeTax": "2133000000",
        "incomeTaxExpense": "-230000000",
        "interestAndDebtExpense": "106000000",
        "netIncomeFromContinuingOperations": "2363000000",
        "comprehensiveIncomeNetOfTax": "2553000000",
        "ebit": "2227000000",
        "ebitda": "2762000000",
        "netIncome": "2363000000"
      }
    ]
  },
  {
    "symbol": "BABA",
    "annualReports": [
      {
        "fiscalDateEnding": "2023-03-31",
        "reportedCurrency": "CNY",
        "grossProfit": "318992000000",
        "totalRevenue": "868687000000",
        "costOfRevenue": "549695000000",
        "costofGoodsAndServicesSold": "549695000000",
        "operatingIncome": "100351000000",
        "sellingGeneralAndAdministrative": "42183000000",
        "researchAndDevelopment": "56744000000",
        "operatingExpenses": "215927000000",
        "investmentIncomeNet": "None",
        "netInterestIncome": "-16989000000",
        "interestIncome": "5918000000",
        "interestExpense": "16989000000",
        "nonInterestIncome": "None",
        "otherNonOperatingIncome": "None",
        "depreciation": "None",
        "depreciationAndAmortization": "22041000000",
        "incomeBeforeTax": "89185000000",
        "incomeTaxExpense": "15549000000",
        "interestAndDebtExpense": "None",
        "netIncomeFromContinuingOperations": "65573000000",
        "comprehensiveIncomeNetOfTax": "None",
        "ebit": "100351000000",
        "ebitda": "122392000000",
        "netIncome": "72783000000"
      },
      {
        "fiscalDateEnding": "2022-03-31",
        "reportedCurrency": "CNY",
        "grossProfit": "313612000000",
        "totalRevenue": "853062000000",
        "costOfRevenue": "539450000000",
        "costofGoodsAndServicesSold": "539450000000",
        "operatingIncome": "105302000000",
        "sellingGeneralAndAdministrative": "31922000000",
        "researchAndDevelopment": "55465000000",
        "operatingExpenses": "218833000000",
        "investmentIncomeNet": "None",
        "netInterestIncome": "-20611000000",
        "interestIncome": "30496000000",
        "interestExpense": "20611000000",
        "nonInterestIncome": "None",
        "otherNonOperatingIncome": "None",
        "depreciation": "None",
        "depreciationAndAmortization": "11647000000",
        "incomeBeforeTax": "59550000000",
        "incomeTaxExpense": "26815000000",
        "interestAndDebtExpense": "None",
        "netIncomeFromContinuingOperations": "47079000000",
        "comprehensiveIncomeNetOfTax": "None",
        "ebit": "105302000000",
        "ebitda": "116949000000",
        "netIncome": "32735000000"
      },
      {
        "fiscalDateEnding": "2021-03-31",
        "reportedCurrency": "CNY",
        "grossProfit": "296084000000",
        "totalRevenue": "717289000000",
        "costOfRevenue": "421205000000",
        "costofGoodsAndServicesSold": "421205000000",
        "operatingIncome": "170054000000",
        "sellingGeneralAndAdministrative": "55224000000",
        "researchAndDevelopment": "57236000000",
        "operatingExpenses": "206406000000",
        "investmentIncomeNet": "None",
        "netInterestIncome": "68318000000",
        "interestIncome": "72794000000",
        "interestExpense": "4476000000",
        "nonInterestIncome": "None",
        "otherNonOperatingIncome": "None",
        "depreciation": "None",
        "depreciationAndAmortization": "12427000000",
        "incomeBeforeTax": "165578000000",
        "incomeTaxExpense": "29278000000",
        "interestAndDebtExpense": "None",
        "netIncomeFromContinuingOperations": "143284000000",
        "comprehensiveIncomeNetOfTax": "None",
        "ebit": "170054000000",
        "ebitda": "182481000000",
        "netIncome": "150578000000"
      },
      {
        "fiscalDateEnding": "2020-03-31",
        "reportedCurrency": "CNY",
        "grossProfit": "227344000000",
        "totalRevenue": "509711000000",
        "costOfRevenue": "282367000000",
        "costofGoodsAndServicesSold": "282367000000",
        "operatingIncome": "172401000000",
        "sellingGeneralAndAdministrative": "28197000000",
        "researchAndDevelopment": "43080000000",
        "operatingExpenses": "135338000000",
        "investmentIncomeNet": "None",
        "netInterestIncome": "67776000000",
        "interestIncome": "72956000000",
        "interestExpense": "5180000000",
        "nonInterestIncome": "None",
        "otherNonOperatingIncome": "None",
        "depreciation": "None",
        "depreciationAndAmortization": "13388000000",
        "incomeBeforeTax": "166645000000",
        "incomeTaxExpense": "20562000000",
        "interestAndDebtExpense": "None",
        "netIncomeFromContinuingOperations": "140350000000",
        "comprehensiveIncomeNetOfTax": "None",
        "ebit": "172401000000",
        "ebitda": "185789000000",
        "netIncome": "149433000000"
      },
      {
        "fiscalDateEnding": "2019-03-31",
        "reportedCurrency": "CNY",
        "grossProfit": "169915000000",
        "totalRevenue": "376844000000",
        "costOfRevenue": "206929000000",
        "costofGoodsAndServicesSold": "206929000000",
        "operatingIncome": "57084000000",
        "sellingGeneralAndAdministrative": "24889000000",
        "researchAndDevelopment": "37435000000",
        "operatingExpenses": "112831000000",
        "investmentIncomeNet": "None",
        "netInterestIncome": "38916000000",
        "interestIncome": "44106000000",
        "interestExpense": "5190000000",
        "nonInterestIncome": "None",
        "otherNonOperatingIncome": "0",
        "depreciation": "None",
        "depreciationAndAmortization": "10727000000",
        "incomeBeforeTax": "96221000000",
        "incomeTaxExpense": "16553000000",
        "interestAndDebtExpense": "None",
        "netIncomeFromContinuingOperations": "80234000000",
        "comprehensiveIncomeNetOfTax": "None",
        "ebit": "101411000000",
        "ebitda": "112138000000",
        "netIncome": "87886000000"
      }
    ],
    "quarterlyReports": [
      {
        "fiscalDateEnding": "2023-06-30",
        "reportedCurrency": "CNY",
        "grossProfit": "91809000000",
        "totalRevenue": "234156000000",
        "costOfRevenue": "142347000000",
        "costofGoodsAndServicesSold": "142347000000",
        "operatingIncome": "42490000000",
        "sellingGeneralAndAdministrative": "7297000000",
        "researchAndDevelopment": "10465000000",
        "operatingExpenses": "47288000000",
        "investmentIncomeNet": "None",
        "netInterestIncome": "-7682000000",
        "interestIncome": "1784000000",
        "interestExpense": "7682000000",
        "nonInterestIncome": "None",
        "otherNonOperatingIncome": "None",
        "depreciation": "None",
        "depreciationAndAmortization": "2479000000",
        "incomeBeforeTax": "36172000000",
        "incomeTaxExpense": "6022000000",
        "interestAndDebtExpense": "None",
        "netIncomeFromContinuingOperations": "33000000000",
        "comprehensiveIncomeNetOfTax": "None",
        "ebit": "45885000000",
        "ebitda": "48364000000",
        "netIncome": "34242000000"
      },
      {
        "fiscalDateEnding": "2023-03-31",
        "reportedCurrency": "CNY",
        "grossProfit": "69377000000",
        "totalRevenue": "208200000000",
        "costOfRevenue": "138823000000",
        "costofGoodsAndServicesSold": "138823000000",
        "operatingIncome": "27044000000",
        "sellingGeneralAndAdministrative": "12832000000",
        "researchAndDevelopment": "13880000000",
        "operatingExpenses": "54137000000",
        "investmentIncomeNet": "None",
        "netInterestIncome": "8760000000",
        "interestIncome": "1736000000",
        "interestExpense": "1736000000",
        "nonInterestIncome": "None",
        "otherNonOperatingIncome": "None",
        "depreciation": "None",
        "depreciationAndAmortization": "2494000000",
        "incomeBeforeTax": "25308000000",
        "incomeTaxExpense": "3758000000",
        "interestAndDebtExpense": "None",
        "netIncomeFromContinuingOperations": "21996000000",
        "comprehensiveIncomeNetOfTax": "None",
        "ebit": "27044000000",
        "ebitda": "29538000000",
        "netIncome": "23644000000"
      },
      {
        "fiscalDateEnding": "2022-12-31",
        "reportedCurrency": "CNY",
        "grossProfit": "97751000000",
        "totalRevenue": "247756000000",
        "costOfRevenue": "150005000000",
        "costofGoodsAndServicesSold": "150005000000",
        "operatingIncome": "54723000000",
        "sellingGeneralAndAdministrative": "10327000000",
        "researchAndDevelopment": "13521000000",
        "operatingExpenses": "60006000000",
        "investmentIncomeNet": "None",
        "netInterestIncome": "13966000000",
        "interestIncome": "15516000000",
        "interestExpense": "1550000000",
        "nonInterestIncome": "None",
        "otherNonOperatingIncome": "None",
        "depreciation": "None",
        "depreciationAndAmortization": "5530000000",
        "incomeBeforeTax": "50459000000",
        "incomeTaxExpense": "3820000000",
        "interestAndDebtExpense": "None",
        "netIncomeFromContinuingOperations": "45746000000",
        "comprehensiveIncomeNetOfTax": "None",
        "ebit": "54723000000",
        "ebitda": "60253000000",
        "netIncome": "46913000000"
      },
      {
        "fiscalDateEnding": "2022-09-30",
        "reportedCurrency": "CNY",
        "grossProfit": "75966000000",
        "totalRevenue": "207176000000",
        "costOfRevenue": "131210000000",
        "costofGoodsAndServicesSold": "131210000000",
        "operatingIncome": "25137000000",
        "sellingGeneralAndAdministrative": "10591000000",
        "researchAndDevelopment": "15150000000",
        "operatingExpenses": "50829000000",
        "investmentIncomeNet": "None",
        "netInterestIncome": "-43840000000",
        "interestIncome": "1388000000",
        "interestExpense": "43840000000",
        "nonInterestIncome": "None",
        "otherNonOperatingIncome": "None",
        "depreciation": "None",
        "depreciationAndAmortization": "5673000000",
        "incomeBeforeTax": "-15759000000",
        "incomeTaxExpense": "2572000000",
        "interestAndDebtExpense": "None",
        "netIncomeFromContinuingOperations": "-22467000000",
        "comprehensiveIncomeNetOfTax": "None",
        "ebit": "25137000000",
        "ebitda": "30810000000",
        "netIncome": "-18331000000"
      },
      {
        "fiscalDateEnding": "2022-06-30",
        "reportedCurrency": "CNY",
        "grossProfit": "75898000000",
        "totalRevenue": "205555000000",
        "costOfRevenue": "129657000000",
        "costofGoodsAndServicesSold": "129657000000",
        "operatingIncome": "24943000000",
        "sellingGeneralAndAdministrative": "8433000000",
        "researchAndDevelopment": "14193000000",
        "operatingExpenses": "50955000000",
        "investmentIncomeNet": "None",
        "netInterestIncome": "4125000000",
        "interestIncome": "5369000000",
        "interestExpense": "1244000000",
        "nonInterestIncome": "None",
        "otherNonOperatingIncome": "None",
        "depreciation": "None",
        "depreciationAndAmortization": "8229000000",
        "incomeBeforeTax": "29177000000",
        "incomeTaxExpense": "5399000000",
        "interestAndDebtExpense": "None",
        "netIncomeFromContinuingOperations": "20298000000",
        "comprehensiveIncomeNetOfTax": "None",
        "ebit": "24943000000",
        "ebitda": "33172000000",
        "netIncome": "22659000000"
      },
      {
        "fiscalDateEnding": "2022-03-31",
        "reportedCurrency": "CNY",
        "grossProfit": "65107000000",
        "totalRevenue": "204052000000",
        "costOfRevenue": "138945000000",
        "costofGoodsAndServicesSold": "138945000000",
        "operatingIncome": "16717000000",
        "sellingGeneralAndAdministrative": "34615000000",
        "researchAndDevelopment": "10944000000",
        "operatingExpenses": "48390000000",
        "investmentIncomeNet": "None",
        "netInterestIncome": "-37897000000",
        "interestIncome": "1189000000",
        "interestExpense": "1189000000",
        "nonInterestIncome": "None",
        "otherNonOperatingIncome": "None",
        "depreciation": "None",
        "depreciationAndAmortization": "2831000000",
        "incomeBeforeTax": "-19560000000",
        "incomeTaxExpense": "2079000000",
        "interestAndDebtExpense": "None",
        "netIncomeFromContinuingOperations": "-18357000000",
        "comprehensiveIncomeNetOfTax": "None",
        "ebit": "23860000000",
        "ebitda": "26691000000",
        "netIncome": "-16116000000"
      },
      {
        "fiscalDateEnding": "2021-12-31",
        "reportedCurrency": "CNY",
        "grossProfit": "95922000000",
        "totalRevenue": "242580000000",
        "costOfRevenue": "146658000000",
        "costofGoodsAndServicesSold": "146658000000",
        "operatingIncome": "7068000000",
        "sellingGeneralAndAdministrative": "45171000000",
        "researchAndDevelopment": "15705000000",
        "operatingExpenses": "63713000000",
        "investmentIncomeNet": "None",
        "netInterestIncome": "17175000000",
        "interestIncome": "18361000000",
        "interestExpense": "1186000000",
        "nonInterestIncome": "None",
        "otherNonOperatingIncome": "None",
        "depreciation": "None",
        "depreciationAndAmortization": "2837000000",
        "incomeBeforeTax": "29326000000",
        "incomeTaxExpense": "9553000000",
        "interestAndDebtExpense": "None",
        "netIncomeFromContinuingOperations": "19224000000",
        "comprehensiveIncomeNetOfTax": "None",
        "ebit": "31285000000",
        "ebitda": "34122000000",
        "netIncome": "20546000000"
      },
      {
        "fiscalDateEnding": "2021-09-30",
        "reportedCurrency": "CNY",
        "grossProfit": "70940000000",
        "totalRevenue": "200690000000",
        "costOfRevenue": "129750000000",
        "costofGoodsAndServicesSold": "129750000000",
        "operatingIncome": "15006000000",
        "sellingGeneralAndAdministrative": "37731000000",
        "researchAndDevelopment": "15297000000",
        "operatingExpenses": "55934000000",
        "investmentIncomeNet": "None",
        "netInterestIncome": "-12723000000",
        "interestIncome": "1267000000",
        "interestExpense": "1272300000",
        "nonInterestIncome": "None",
        "otherNonOperatingIncome": "None",
        "depreciation": "None",
        "depreciationAndAmortization": "2906000000",
        "incomeBeforeTax": "3946000000",
        "incomeTaxExpense": "6087000000",
        "interestAndDebtExpense": "None",
        "netIncomeFromContinuingOperations": "3377000000",
        "comprehensiveIncomeNetOfTax": "None",
        "ebit": "24298000000",
        "ebitda": "27204000000",
        "netIncome": "5488000000"
      },
      {
        "fiscalDateEnding": "2021-06-30",
        "reportedCurrency": "CNY",
        "grossProfit": "81643000000",
        "totalRevenue": "205740000000",
        "costOfRevenue": "124097000000",
        "costofGoodsAndServicesSold": "124097000000",
        "operatingIncome": "30847000000",
        "sellingGeneralAndAdministrative": "34204000000",
        "researchAndDevelopment": "13302000000",
        "operatingExpenses": "69604000000",
        "investmentIncomeNet": "None",
        "netInterestIncome": "12834000000",
        "interestIncome": "12834000000",
        "interestExpense": "1160000000",
        "nonInterestIncome": "None",
        "otherNonOperatingIncome": "None",
        "depreciation": "None",
        "depreciationAndAmortization": "3415000000",
        "incomeBeforeTax": "45838000000",
        "incomeTaxExpense": "7049000000",
        "interestAndDebtExpense": "None",
        "netIncomeFromContinuingOperations": "42835000000",
        "comprehensiveIncomeNetOfTax": "None",
        "ebit": "2843000000",
        "ebitda": "6258000000",
        "netIncome": "45141000000"
      },
      {
        "fiscalDateEnding": "2021-03-31",
        "reportedCurrency": "CNY",
        "grossProfit": "61941000000",
        "totalRevenue": "187395000000",
        "costOfRevenue": "125454000000",
        "costofGoodsAndServicesSold": "125454000000",
        "operatingIncome": "-7663000000",
        "sellingGeneralAndAdministrative": "27734000000",
        "researchAndDevelopment": "13519000000",
        "operatingExpenses": "50796000000",
        "investmentIncomeNet": "None",
        "netInterestIncome": "-1049000000",
        "interestIncome": "1049000000",
        "interestExpense": "1267000000",
        "nonInterestIncome": "None",
        "otherNonOperatingIncome": "None",
        "depreciation": "None",
        "depreciationAndAmortization": "3073000000",
        "incomeBeforeTax": "-6597000000",
        "incomeTaxExpense": "9096000000",
        "interestAndDebtExpense": "None",
        "netIncomeFromContinuingOperations": "-7654000000",
        "comprehensiveIncomeNetOfTax": "None",
        "ebit": "55431000000",
        "ebitda": "58504000000",
        "netIncome": "-5479000000"
      },
      {
        "fiscalDateEnding": "2020-12-31",
        "reportedCurrency": "CNY",
        "grossProfit": "99816000000",
        "totalRevenue": "221084000000",
        "costOfRevenue": "121268000000",
        "costofGoodsAndServicesSold": "121268000000",
        "operatingIncome": "49002000000",
        "sellingGeneralAndAdministrative": "8692000000",
        "researchAndDevelopment": "13607000000",
        "operatingExpenses": "50814000000",
        "investmentIncomeNet": "None",
        "netInterestIncome": "38944000000",
        "interestIncome": "40036000000",
        "interestExpense": "1092000000",
        "nonInterestIncome": "None",
        "otherNonOperatingIncome": "None",
        "depreciation": "None",
        "depreciationAndAmortization": "3172000000",
        "incomeBeforeTax": "90772000000",
        "incomeTaxExpense": "9194000000",
        "interestAndDebtExpense": "None",
        "netIncomeFromContinuingOperations": "77977000000",
        "comprehensiveIncomeNetOfTax": "None",
        "ebit": "91864000000",
        "ebitda": "95036000000",
        "netIncome": "79535000000"
      },
      {
        "fiscalDateEnding": "2020-09-30",
        "reportedCurrency": "CNY",
        "grossProfit": "65099000000",
        "totalRevenue": "155059000000",
        "costOfRevenue": "89960000000",
        "costofGoodsAndServicesSold": "89960000000",
        "operatingIncome": "13634000000",
        "sellingGeneralAndAdministrative": "11961000000",
        "researchAndDevelopment": "19245000000",
        "operatingExpenses": "51465000000",
        "investmentIncomeNet": "None",
        "netInterestIncome": "9409000000",
        "interestIncome": "10510000000",
        "interestExpense": "1101000000",
        "nonInterestIncome": "None",
        "otherNonOperatingIncome": "None",
        "depreciation": "None",
        "depreciationAndAmortization": "2888000000",
        "incomeBeforeTax": "24191000000",
        "incomeTaxExpense": "1911000000",
        "interestAndDebtExpense": "None",
        "netIncomeFromContinuingOperations": "26524000000",
        "comprehensiveIncomeNetOfTax": "None",
        "ebit": "25292000000",
        "ebitda": "28180000000",
        "netIncome": "28876000000"
      },
      {
        "fiscalDateEnding": "2020-06-30",
        "reportedCurrency": "CNY",
        "grossProfit": "69228000000",
        "totalRevenue": "153751000000",
        "costOfRevenue": "84523000000",
        "costofGoodsAndServicesSold": "84523000000",
        "operatingIncome": "34705000000",
        "sellingGeneralAndAdministrative": "6837000000",
        "researchAndDevelopment": "11082000000",
        "operatingExpenses": "34523000000",
        "investmentIncomeNet": "None",
        "netInterestIncome": "21014000000",
        "interestIncome": "22137000000",
        "interestExpense": "1123000000",
        "nonInterestIncome": "None",
        "otherNonOperatingIncome": "None",
        "depreciation": "None",
        "depreciationAndAmortization": "2952000000",
        "incomeBeforeTax": "57212000000",
        "incomeTaxExpense": "11124000000",
        "interestAndDebtExpense": "None",
        "netIncomeFromContinuingOperations": "46437000000",
        "comprehensiveIncomeNetOfTax": "None",
        "ebit": "58335000000",
        "ebitda": "61287000000",
        "netIncome": "47533000000"
      },
      {
        "fiscalDateEnding": "2020-03-31",
        "reportedCurrency": "CNY",
        "grossProfit": "41812000000",
        "totalRevenue": "114314000000",
        "costOfRevenue": "72502000000",
        "costofGoodsAndServicesSold": "72502000000",
        "operatingIncome": "7131000000",
        "sellingGeneralAndAdministrative": "7871000000",
        "researchAndDevelopment": "10587000000",
        "operatingExpenses": "34681000000",
        "investmentIncomeNet": "None",
        "netInterestIncome": "-8880000000",
        "interestIncome": "7715000000",
        "interestExpense": "8880000000",
        "nonInterestIncome": "None",
        "otherNonOperatingIncome": "None",
        "depreciation": "None",
        "depreciationAndAmortization": "4044000000",
        "incomeBeforeTax": "-569000000",
        "incomeTaxExpense": "2628000000",
        "interestAndDebtExpense": "None",
        "netIncomeFromContinuingOperations": "348000000",
        "comprehensiveIncomeNetOfTax": "None",
        "ebit": "8311000000",
        "ebitda": "12355000000",
        "netIncome": "3220000000"
      },
      {
        "fiscalDateEnding": "2019-12-31",
        "reportedCurrency": "CNY",
        "grossProfit": "77124000000",
        "totalRevenue": "161456000000",
        "costOfRevenue": "84332000000",
        "costofGoodsAndServicesSold": "84332000000",
        "operatingIncome": "39560000000",
        "sellingGeneralAndAdministrative": "7415000000",
        "researchAndDevelopment": "11077000000",
        "operatingExpenses": "37564000000",
        "investmentIncomeNet": "None",
        "netInterestIncome": "15827000000",
        "interestIncome": "17136000000",
        "interestExpense": "1309000000",
        "nonInterestIncome": "None",
        "otherNonOperatingIncome": "0",
        "depreciation": "None",
        "depreciationAndAmortization": "3272000000",
        "incomeBeforeTax": "56374000000",
        "incomeTaxExpense": "8407000000",
        "interestAndDebtExpense": "None",
        "netIncomeFromContinuingOperations": "50132000000",
        "comprehensiveIncomeNetOfTax": "None",
        "ebit": "57683000000",
        "ebitda": "60955000000",
        "netIncome": "52174000000"
      },
      {
        "fiscalDateEnding": "2019-09-30",
        "reportedCurrency": "CNY",
        "grossProfit": "53471000000",
        "totalRevenue": "119017000000",
        "costOfRevenue": "65546000000",
        "costofGoodsAndServicesSold": "65546000000",
        "operatingIncome": "20364000000",
        "sellingGeneralAndAdministrative": "6591000000",
        "researchAndDevelopment": "10938000000",
        "operatingExpenses": "32531000000",
        "investmentIncomeNet": "None",
        "netInterestIncome": "61988000000",
        "interestIncome": "63348000000",
        "interestExpense": "1360000000",
        "nonInterestIncome": "None",
        "otherNonOperatingIncome": "0",
        "depreciation": "None",
        "depreciationAndAmortization": "3006000000",
        "incomeBeforeTax": "85523000000",
        "incomeTaxExpense": "2815000000",
        "interestAndDebtExpense": "None",
        "netIncomeFromContinuingOperations": "70748000000",
        "comprehensiveIncomeNetOfTax": "None",
        "ebit": "87459000000",
        "ebitda": "90465000000",
        "netIncome": "72591000000"
      },
      {
        "fiscalDateEnding": "2019-06-30",
        "reportedCurrency": "CNY",
        "grossProfit": "54937000000",
        "totalRevenue": "114924000000",
        "costOfRevenue": "59987000000",
        "costofGoodsAndServicesSold": "59987000000",
        "operatingIncome": "24375000000",
        "sellingGeneralAndAdministrative": "6320000000",
        "researchAndDevelopment": "10478000000",
        "operatingExpenses": "30562000000",
        "investmentIncomeNet": "None",
        "netInterestIncome": "-1159000000",
        "interestIncome": "187000000",
        "interestExpense": "1346000000",
        "nonInterestIncome": "None",
        "otherNonOperatingIncome": "0",
        "depreciation": "None",
        "depreciationAndAmortization": "3066000000",
        "incomeBeforeTax": "25317000000",
        "incomeTaxExpense": "6712000000",
        "interestAndDebtExpense": "None",
        "netIncomeFromContinuingOperations": "19122000000",
        "comprehensiveIncomeNetOfTax": "None",
        "ebit": "26663000000",
        "ebitda": "29729000000",
        "netIncome": "21448000000"
      },
      {
        "fiscalDateEnding": "2019-03-31",
        "reportedCurrency": "CNY",
        "grossProfit": "37888000000",
        "totalRevenue": "93498000000",
        "costOfRevenue": "55610000000",
        "costofGoodsAndServicesSold": "55610000000",
        "operatingIncome": "8765000000",
        "sellingGeneralAndAdministrative": "7612000000",
        "researchAndDevelopment": "8659000000",
        "operatingExpenses": "29123000000",
        "investmentIncomeNet": "None",
        "netInterestIncome": "17362000000",
        "interestIncome": "17362000000",
        "interestExpense": "1303000000",
        "nonInterestIncome": "None",
        "otherNonOperatingIncome": "0",
        "depreciation": "None",
        "depreciationAndAmortization": "3203000000",
        "incomeBeforeTax": "27576000000",
        "incomeTaxExpense": "5025000000",
        "interestAndDebtExpense": "None",
        "netIncomeFromContinuingOperations": "23379000000",
        "comprehensiveIncomeNetOfTax": "None",
        "ebit": "28879000000",
        "ebitda": "32082000000",
        "netIncome": "25913000000"
      },
      {
        "fiscalDateEnding": "2018-12-31",
        "reportedCurrency": "CNY",
        "grossProfit": "56465000000",
        "totalRevenue": "117278000000",
        "costOfRevenue": "60813000000",
        "costofGoodsAndServicesSold": "60813000000",
        "operatingIncome": "26798000000",
        "sellingGeneralAndAdministrative": "5853000000",
        "researchAndDevelopment": "8901000000",
        "operatingExpenses": "29667000000",
        "investmentIncomeNet": "None",
        "netInterestIncome": "None",
        "interestIncome": "None",
        "interestExpense": "1334000000",
        "nonInterestIncome": "None",
        "otherNonOperatingIncome": "0",
        "depreciation": "None",
        "depreciationAndAmortization": "2809000000",
        "incomeBeforeTax": "37411000000",
        "incomeTaxExpense": "5586000000",
        "interestAndDebtExpense": "None",
        "netIncomeFromContinuingOperations": "654439607.58",
        "comprehensiveIncomeNetOfTax": "None",
        "ebit": "38745000000",
        "ebitda": "41554000000",
        "netIncome": "33120000000"
      },
      {
        "fiscalDateEnding": "2018-09-30",
        "reportedCurrency": "CNY",
        "grossProfit": "38362000000",
        "totalRevenue": "85148000000",
        "costOfRevenue": "46786000000",
        "costofGoodsAndServicesSold": "46786000000",
        "operatingIncome": "13501000000",
        "sellingGeneralAndAdministrative": "4779000000",
        "researchAndDevelopment": "8365000000",
        "operatingExpenses": "24861000000",
        "investmentIncomeNet": "None",
        "netInterestIncome": "None",
        "interestIncome": "None",
        "interestExpense": "1340000000",
        "nonInterestIncome": "None",
        "otherNonOperatingIncome": "0",
        "depreciation": "None",
        "depreciationAndAmortization": "2611000000",
        "incomeBeforeTax": "17264000000",
        "incomeTaxExpense": "277000000",
        "interestAndDebtExpense": "None",
        "netIncomeFromContinuingOperations": "2655592598.52",
        "comprehensiveIncomeNetOfTax": "None",
        "ebit": "18604000000",
        "ebitda": "21215000000",
        "netIncome": "20133000000"
      },
      {
        "fiscalDateEnding": "2018-06-30",
        "reportedCurrency": "CNY",
        "grossProfit": "37200000000",
        "totalRevenue": "80920000000",
        "costOfRevenue": "43720000000",
        "costofGoodsAndServicesSold": "43720000000",
        "operatingIncome": "8020000000",
        "sellingGeneralAndAdministrative": "6645000000",
        "researchAndDevelopment": "11510000000",
        "operatingExpenses": "29180000000",
        "investmentIncomeNet": "None",
        "netInterestIncome": "None",
        "interestIncome": "None",
        "interestExpense": "1213000000",
        "nonInterestIncome": "None",
        "otherNonOperatingIncome": "0",
        "depreciation": "None",
        "depreciationAndAmortization": "2104000000",
        "incomeBeforeTax": "13970000000",
        "incomeTaxExpense": "5665000000",
        "interestAndDebtExpense": "None",
        "netIncomeFromContinuingOperations": "1147270545.89",
        "comprehensiveIncomeNetOfTax": "None",
        "ebit": "15183000000",
        "ebitda": "17287000000",
        "netIncome": "8720000000"
      }
    ]
  },
  {
    "symbol": "BAC",
    "annualReports": [
      {
        "fiscalDateEnding": "2022-12-31",
        "reportedCurrency": "USD",
        "grossProfit": "33512000000",
        "totalRevenue": "94950000000",
        "costOfRevenue": "61438000000",
        "costofGoodsAndServicesSold": "None",
        "operatingIncome": "12017000000",
        "sellingGeneralAndAdministrative": "20217000000",
        "researchAndDevelopment": "None",
        "operatingExpenses": "21495000000",
        "investmentIncomeNet": "None",
        "netInterestIncome": "52462000000",
        "interestIncome": "72565000000",
        "interestExpense": "20103000000",
        "nonInterestIncome": "42488000000",
        "otherNonOperatingIncome": "None",
        "depreciation": "None",
        "depreciationAndAmortization": "78000000",
        "incomeBeforeTax": "30969000000",
        "incomeTaxExpense": "3441000000",
        "interestAndDebtExpense": "20103000000",
        "netIncomeFromContinuingOperations": "27528000000",
        "comprehensiveIncomeNetOfTax": "11476000000",
        "ebit": "51072000000",
        "ebitda": "51150000000",
        "netIncome": "27528000000"
      },
      {
        "fiscalDateEnding": "2021-12-31",
        "reportedCurrency": "USD",
        "grossProfit": "33555000000",
        "totalRevenue": "89113000000",
        "costOfRevenue": "55558000000",
        "costofGoodsAndServicesSold": "None",
        "operatingIncome": "13694000000",
        "sellingGeneralAndAdministrative": "19621000000",
        "researchAndDevelopment": "None",
        "operatingExpenses": "19861000000",
        "investmentIncomeNet": "None",
        "netInterestIncome": "42934000000",
        "interestIncome": "47672000000",
        "interestExpense": "4738000000",
        "nonInterestIncome": "46179000000",
        "otherNonOperatingIncome": "None",
        "depreciation": "None",
        "depreciationAndAmortization": "76000000",
        "incomeBeforeTax": "33976000000",
        "incomeTaxExpense": "1998000000",
        "interestAndDebtExpense": "4738000000",
        "netIncomeFromContinuingOperations": "31978000000",
        "comprehensiveIncomeNetOfTax": "28530000000",
        "ebit": "38714000000",
        "ebitda": "38790000000",
        "netIncome": "31978000000"
      },
      {
        "fiscalDateEnding": "2020-12-31",
        "reportedCurrency": "USD",
        "grossProfit": "19750000000",
        "totalRevenue": "85528000000",
        "costOfRevenue": "65778000000",
        "costofGoodsAndServicesSold": "None",
        "operatingIncome": "974000000",
        "sellingGeneralAndAdministrative": "17858000000",
        "researchAndDevelopment": "None",
        "operatingExpenses": "18776000000",
        "investmentIncomeNet": "None",
        "netInterestIncome": "43360000000",
        "interestIncome": "51585000000",
        "interestExpense": "8225000000",
        "nonInterestIncome": "42168000000",
        "otherNonOperatingIncome": "None",
        "depreciation": "None",
        "depreciationAndAmortization": "95000000",
        "incomeBeforeTax": "18995000000",
        "incomeTaxExpense": "1101000000",
        "interestAndDebtExpense": "8225000000",
        "netIncomeFromContinuingOperations": "17894000000",
        "comprehensiveIncomeNetOfTax": "22871000000",
        "ebit": "27220000000",
        "ebitda": "27315000000",
        "netIncome": "17894000000"
      },
      {
        "fiscalDateEnding": "2019-12-31",
        "reportedCurrency": "USD",
        "grossProfit": "32754000000",
        "totalRevenue": "91244000000",
        "costOfRevenue": "58490000000",
        "costofGoodsAndServicesSold": "None",
        "operatingIncome": "13024000000",
        "sellingGeneralAndAdministrative": "16865000000",
        "researchAndDevelopment": "None",
        "operatingExpenses": "19730000000",
        "investmentIncomeNet": "None",
        "netInterestIncome": "48891000000",
        "interestIncome": "71236000000",
        "interestExpense": "22345000000",
        "nonInterestIncome": "42353000000",
        "otherNonOperatingIncome": "None",
        "depreciation": "None",
        "depreciationAndAmortization": "112000000",
        "incomeBeforeTax": "32754000000",
        "incomeTaxExpense": "5324000000",
        "interestAndDebtExpense": "22345000000",
        "netIncomeFromContinuingOperations": "27430000000",
        "comprehensiveIncomeNetOfTax": "33008000000",
        "ebit": "55099000000",
        "ebitda": "55211000000",
        "netIncome": "27430000000"
      },
      {
        "fiscalDateEnding": "2018-12-31",
        "reportedCurrency": "USD",
        "grossProfit": "34584000000",
        "totalRevenue": "91020000000",
        "costOfRevenue": "56663000000",
        "costofGoodsAndServicesSold": "22619000000",
        "operatingIncome": "20417000000",
        "sellingGeneralAndAdministrative": "13160000000",
        "researchAndDevelopment": "None",
        "operatingExpenses": "14167000000",
        "investmentIncomeNet": "None",
        "netInterestIncome": "48162000000",
        "interestIncome": "66769000000",
        "interestExpense": "18607000000",
        "nonInterestIncome": "42858000000",
        "otherNonOperatingIncome": "None",
        "depreciation": "None",
        "depreciationAndAmortization": "538000000",
        "incomeBeforeTax": "34584000000",
        "incomeTaxExpense": "6437000000",
        "interestAndDebtExpense": "20066000000",
        "netIncomeFromContinuingOperations": "28147000000",
        "comprehensiveIncomeNetOfTax": "24231000000",
        "ebit": "53191000000",
        "ebitda": "53729000000",
        "netIncome": "28147000000"
      }
    ],
    "quarterlyReports": [
      {
        "fiscalDateEnding": "2023-06-30",
        "reportedCurrency": "USD",
        "grossProfit": "9159000000",
        "totalRevenue": "25197000000",
        "costOfRevenue": "16038000000",
        "costofGoodsAndServicesSold": "12398000000",
        "operatingIncome": "4403000000",
        "sellingGeneralAndAdministrative": "4460000000",
        "researchAndDevelopment": "None",
        "operatingExpenses": "4756000000",
        "investmentIncomeNet": "None",
        "netInterestIncome": "14158000000",
        "interestIncome": "32354000000",
        "interestExpense": "18196000000",
        "nonInterestIncome": "11039000000",
        "otherNonOperatingIncome": "None",
        "depreciation": "None",
        "depreciationAndAmortization": "20000000",
        "incomeBeforeTax": "8034000000",
        "incomeTaxExpense": "626000000",
        "interestAndDebtExpense": "18196000000",
        "netIncomeFromContinuingOperations": "7408000000",
        "comprehensiveIncomeNetOfTax": "5193000000",
        "ebit": "26230000000",
        "ebitda": "26250000000",
        "netIncome": "7408000000"
      },
      {
        "fiscalDateEnding": "2023-03-31",
        "reportedCurrency": "USD",
        "grossProfit": "10020000000",
        "totalRevenue": "26258000000",
        "costOfRevenue": "16238000000",
        "costofGoodsAndServicesSold": "12656000000",
        "operatingIncome": "5420000000",
        "sellingGeneralAndAdministrative": "4491000000",
        "researchAndDevelopment": "None",
        "operatingExpenses": "4600000000",
        "investmentIncomeNet": "None",
        "netInterestIncome": "14448000000",
        "interestIncome": "28655000000",
        "interestExpense": "14207000000",
        "nonInterestIncome": "11810000000",
        "otherNonOperatingIncome": "None",
        "depreciation": "None",
        "depreciationAndAmortization": "20000000",
        "incomeBeforeTax": "9089000000",
        "incomeTaxExpense": "928000000",
        "interestAndDebtExpense": "14207000000",
        "netIncomeFromContinuingOperations": "8161000000",
        "comprehensiveIncomeNetOfTax": "10790000000",
        "ebit": "23296000000",
        "ebitda": "23316000000",
        "netIncome": "8161000000"
      },
      {
        "fiscalDateEnding": "2022-12-31",
        "reportedCurrency": "USD",
        "grossProfit": "10383000000",
        "totalRevenue": "24532000000",
        "costOfRevenue": "14149000000",
        "costofGoodsAndServicesSold": "None",
        "operatingIncome": "2811000000",
        "sellingGeneralAndAdministrative": "7453000000",
        "researchAndDevelopment": "None",
        "operatingExpenses": "7572000000",
        "investmentIncomeNet": "None",
        "netInterestIncome": "14681000000",
        "interestIncome": "25075000000",
        "interestExpense": "10394000000",
        "nonInterestIncome": "9851000000",
        "otherNonOperatingIncome": "None",
        "depreciation": "None",
        "depreciationAndAmortization": "19000000",
        "incomeBeforeTax": "7897000000",
        "incomeTaxExpense": "765000000",
        "interestAndDebtExpense": "10394000000",
        "netIncomeFromContinuingOperations": "7132000000",
        "comprehensiveIncomeNetOfTax": "7003000000",
        "ebit": "18291000000",
        "ebitda": "18310000000",
        "netIncome": "7132000000"
      },
      {
        "fiscalDateEnding": "2022-09-30",
        "reportedCurrency": "USD",
        "grossProfit": "8354000000",
        "totalRevenue": "24502000000",
        "costOfRevenue": "16148000000",
        "costofGoodsAndServicesSold": "11835000000",
        "operatingIncome": "3474000000",
        "sellingGeneralAndAdministrative": "4353000000",
        "researchAndDevelopment": "None",
        "operatingExpenses": "4880000000",
        "investmentIncomeNet": "None",
        "netInterestIncome": "13765000000",
        "interestIncome": "19621000000",
        "interestExpense": "5856000000",
        "nonInterestIncome": "10737000000",
        "otherNonOperatingIncome": "None",
        "depreciation": "None",
        "depreciationAndAmortization": "20000000",
        "incomeBeforeTax": "8301000000",
        "incomeTaxExpense": "1219000000",
        "interestAndDebtExpense": "5856000000",
        "netIncomeFromContinuingOperations": "7082000000",
        "comprehensiveIncomeNetOfTax": "2729000000",
        "ebit": "14157000000",
        "ebitda": "14177000000",
        "netIncome": "7082000000"
      },
      {
        "fiscalDateEnding": "2022-06-30",
        "reportedCurrency": "USD",
        "grossProfit": "6974000000",
        "totalRevenue": "22688000000",
        "costOfRevenue": "15714000000",
        "costofGoodsAndServicesSold": "11833000000",
        "operatingIncome": "2192000000",
        "sellingGeneralAndAdministrative": "4264000000",
        "researchAndDevelopment": "None",
        "operatingExpenses": "4782000000",
        "investmentIncomeNet": "None",
        "netInterestIncome": "12444000000",
        "interestIncome": "14975000000",
        "interestExpense": "2531000000",
        "nonInterestIncome": "10244000000",
        "otherNonOperatingIncome": "None",
        "depreciation": "None",
        "depreciationAndAmortization": "20000000",
        "incomeBeforeTax": "6892000000",
        "incomeTaxExpense": "645000000",
        "interestAndDebtExpense": "2531000000",
        "netIncomeFromContinuingOperations": "6247000000",
        "comprehensiveIncomeNetOfTax": "2990000000",
        "ebit": "9423000000",
        "ebitda": "9443000000",
        "netIncome": "6247000000"
      },
      {
        "fiscalDateEnding": "2022-03-31",
        "reportedCurrency": "USD",
        "grossProfit": "7801000000",
        "totalRevenue": "23228000000",
        "costOfRevenue": "15427000000",
        "costofGoodsAndServicesSold": "9482000000",
        "operatingIncome": "3528000000",
        "sellingGeneralAndAdministrative": "4147000000",
        "researchAndDevelopment": "None",
        "operatingExpenses": "4273000000",
        "investmentIncomeNet": "None",
        "netInterestIncome": "11572000000",
        "interestIncome": "12894000000",
        "interestExpense": "1322000000",
        "nonInterestIncome": "11656000000",
        "otherNonOperatingIncome": "None",
        "depreciation": "None",
        "depreciationAndAmortization": "20000000",
        "incomeBeforeTax": "7879000000",
        "incomeTaxExpense": "812000000",
        "interestAndDebtExpense": "1322000000",
        "netIncomeFromContinuingOperations": "7067000000",
        "comprehensiveIncomeNetOfTax": "-1246000000",
        "ebit": "9201000000",
        "ebitda": "9221000000",
        "netIncome": "7067000000"
      },
      {
        "fiscalDateEnding": "2021-12-31",
        "reportedCurrency": "USD",
        "grossProfit": "7736000000",
        "totalRevenue": "22060000000",
        "costOfRevenue": "14324000000",
        "costofGoodsAndServicesSold": "None",
        "operatingIncome": "519000000",
        "sellingGeneralAndAdministrative": "7188000000",
        "researchAndDevelopment": "None",
        "operatingExpenses": "7217000000",
        "investmentIncomeNet": "None",
        "netInterestIncome": "11410000000",
        "interestIncome": "12554000000",
        "interestExpense": "1144000000",
        "nonInterestIncome": "10650000000",
        "otherNonOperatingIncome": "None",
        "depreciation": "None",
        "depreciationAndAmortization": "20000000",
        "incomeBeforeTax": "7818000000",
        "incomeTaxExpense": "805000000",
        "interestAndDebtExpense": "1144000000",
        "netIncomeFromContinuingOperations": "7013000000",
        "comprehensiveIncomeNetOfTax": "5505000000",
        "ebit": "8962000000",
        "ebitda": "8982000000",
        "netIncome": "7013000000"
      },
      {
        "fiscalDateEnding": "2021-09-30",
        "reportedCurrency": "USD",
        "grossProfit": "8801000000",
        "totalRevenue": "22766000000",
        "costOfRevenue": "13965000000",
        "costofGoodsAndServicesSold": "None",
        "operatingIncome": "4755000000",
        "sellingGeneralAndAdministrative": "3961000000",
        "researchAndDevelopment": "None",
        "operatingExpenses": "4046000000",
        "investmentIncomeNet": "None",
        "netInterestIncome": "11094000000",
        "interestIncome": "12336000000",
        "interestExpense": "1242000000",
        "nonInterestIncome": "11672000000",
        "otherNonOperatingIncome": "None",
        "depreciation": "None",
        "depreciationAndAmortization": "19000000",
        "incomeBeforeTax": "8950000000",
        "incomeTaxExpense": "1259000000",
        "interestAndDebtExpense": "1242000000",
        "netIncomeFromContinuingOperations": "7691000000",
        "comprehensiveIncomeNetOfTax": "7158000000",
        "ebit": "10192000000",
        "ebitda": "10211000000",
        "netIncome": "7691000000"
      },
      {
        "fiscalDateEnding": "2021-06-30",
        "reportedCurrency": "USD",
        "grossProfit": "7901000000",
        "totalRevenue": "21466000000",
        "costOfRevenue": "13565000000",
        "costofGoodsAndServicesSold": "None",
        "operatingIncome": "3383000000",
        "sellingGeneralAndAdministrative": "4443000000",
        "researchAndDevelopment": "None",
        "operatingExpenses": "4518000000",
        "investmentIncomeNet": "None",
        "netInterestIncome": "10233000000",
        "interestIncome": "11387000000",
        "interestExpense": "1154000000",
        "nonInterestIncome": "11233000000",
        "otherNonOperatingIncome": "None",
        "depreciation": "None",
        "depreciationAndAmortization": "20000000",
        "incomeBeforeTax": "8042000000",
        "incomeTaxExpense": "-1182000000",
        "interestAndDebtExpense": "1154000000",
        "netIncomeFromContinuingOperations": "9224000000",
        "comprehensiveIncomeNetOfTax": "9633000000",
        "ebit": "9196000000",
        "ebitda": "9216000000",
        "netIncome": "9224000000"
      },
      {
        "fiscalDateEnding": "2021-03-31",
        "reportedCurrency": "USD",
        "grossProfit": "9117000000",
        "totalRevenue": "22821000000",
        "costOfRevenue": "13704000000",
        "costofGoodsAndServicesSold": "None",
        "operatingIncome": "5037000000",
        "sellingGeneralAndAdministrative": "4029000000",
        "researchAndDevelopment": "None",
        "operatingExpenses": "4080000000",
        "investmentIncomeNet": "None",
        "netInterestIncome": "10197000000",
        "interestIncome": "11395000000",
        "interestExpense": "1198000000",
        "nonInterestIncome": "12624000000",
        "otherNonOperatingIncome": "None",
        "depreciation": "None",
        "depreciationAndAmortization": "17000000",
        "incomeBeforeTax": "9166000000",
        "incomeTaxExpense": "1116000000",
        "interestAndDebtExpense": "1198000000",
        "netIncomeFromContinuingOperations": "8050000000",
        "comprehensiveIncomeNetOfTax": "6234000000",
        "ebit": "10364000000",
        "ebitda": "10381000000",
        "netIncome": "8050000000"
      },
      {
        "fiscalDateEnding": "2020-12-31",
        "reportedCurrency": "USD",
        "grossProfit": "6087000000",
        "totalRevenue": "20099000000",
        "costOfRevenue": "14012000000",
        "costofGoodsAndServicesSold": "None",
        "operatingIncome": "-357000000",
        "sellingGeneralAndAdministrative": "6305000000",
        "researchAndDevelopment": "None",
        "operatingExpenses": "6444000000",
        "investmentIncomeNet": "None",
        "netInterestIncome": "10253000000",
        "interestIncome": "11461000000",
        "interestExpense": "1208000000",
        "nonInterestIncome": "9846000000",
        "otherNonOperatingIncome": "None",
        "depreciation": "None",
        "depreciationAndAmortization": "33000000",
        "incomeBeforeTax": "6119000000",
        "incomeTaxExpense": "649000000",
        "interestAndDebtExpense": "1208000000",
        "netIncomeFromContinuingOperations": "5470000000",
        "comprehensiveIncomeNetOfTax": "4792000000",
        "ebit": "7327000000",
        "ebitda": "7360000000",
        "netIncome": "5470000000"
      },
      {
        "fiscalDateEnding": "2020-09-30",
        "reportedCurrency": "USD",
        "grossProfit": "4755000000",
        "totalRevenue": "20336000000",
        "costOfRevenue": "15581000000",
        "costofGoodsAndServicesSold": "None",
        "operatingIncome": "200000000",
        "sellingGeneralAndAdministrative": "3889000000",
        "researchAndDevelopment": "None",
        "operatingExpenses": "4555000000",
        "investmentIncomeNet": "None",
        "netInterestIncome": "10129000000",
        "interestIncome": "11486000000",
        "interestExpense": "1357000000",
        "nonInterestIncome": "10207000000",
        "otherNonOperatingIncome": "None",
        "depreciation": "None",
        "depreciationAndAmortization": "30000000",
        "incomeBeforeTax": "4546000000",
        "incomeTaxExpense": "-335000000",
        "interestAndDebtExpense": "1357000000",
        "netIncomeFromContinuingOperations": "4881000000",
        "comprehensiveIncomeNetOfTax": "5065000000",
        "ebit": "5903000000",
        "ebitda": "5933000000",
        "netIncome": "4881000000"
      },
      {
        "fiscalDateEnding": "2020-06-30",
        "reportedCurrency": "USD",
        "grossProfit": "4141000000",
        "totalRevenue": "22326000000",
        "costOfRevenue": "18185000000",
        "costofGoodsAndServicesSold": "None",
        "operatingIncome": "128000000",
        "sellingGeneralAndAdministrative": "3940000000",
        "researchAndDevelopment": "None",
        "operatingExpenses": "4013000000",
        "investmentIncomeNet": "None",
        "netInterestIncome": "10848000000",
        "interestIncome": "12540000000",
        "interestExpense": "1692000000",
        "nonInterestIncome": "11478000000",
        "otherNonOperatingIncome": "None",
        "depreciation": "None",
        "depreciationAndAmortization": "16000000",
        "incomeBeforeTax": "3799000000",
        "incomeTaxExpense": "266000000",
        "interestAndDebtExpense": "1692000000",
        "netIncomeFromContinuingOperations": "3533000000",
        "comprehensiveIncomeNetOfTax": "2491000000",
        "ebit": "5491000000",
        "ebitda": "5507000000",
        "netIncome": "3533000000"
      },
      {
        "fiscalDateEnding": "2020-03-31",
        "reportedCurrency": "USD",
        "grossProfit": "4767000000",
        "totalRevenue": "22767000000",
        "costOfRevenue": "18000000000",
        "costofGoodsAndServicesSold": "None",
        "operatingIncome": "1003000000",
        "sellingGeneralAndAdministrative": "3724000000",
        "researchAndDevelopment": "None",
        "operatingExpenses": "3764000000",
        "investmentIncomeNet": "None",
        "netInterestIncome": "12130000000",
        "interestIncome": "16098000000",
        "interestExpense": "3968000000",
        "nonInterestIncome": "10637000000",
        "otherNonOperatingIncome": "None",
        "depreciation": "None",
        "depreciationAndAmortization": "16000000",
        "incomeBeforeTax": "4531000000",
        "incomeTaxExpense": "521000000",
        "interestAndDebtExpense": "3968000000",
        "netIncomeFromContinuingOperations": "4010000000",
        "comprehensiveIncomeNetOfTax": "10523000000",
        "ebit": "8499000000",
        "ebitda": "8515000000",
        "netIncome": "4010000000"
      },
      {
        "fiscalDateEnding": "2019-12-31",
        "reportedCurrency": "USD",
        "grossProfit": "8169000000",
        "totalRevenue": "22349000000",
        "costOfRevenue": "14180000000",
        "costofGoodsAndServicesSold": "None",
        "operatingIncome": "2091000000",
        "sellingGeneralAndAdministrative": "5908000000",
        "researchAndDevelopment": "None",
        "operatingExpenses": "6078000000",
        "investmentIncomeNet": "None",
        "netInterestIncome": "12140000000",
        "interestIncome": "16926000000",
        "interestExpense": "4786000000",
        "nonInterestIncome": "10209000000",
        "otherNonOperatingIncome": "None",
        "depreciation": "None",
        "depreciationAndAmortization": "28000000",
        "incomeBeforeTax": "8169000000",
        "incomeTaxExpense": "1175000000",
        "interestAndDebtExpense": "4786000000",
        "netIncomeFromContinuingOperations": "6994000000",
        "comprehensiveIncomeNetOfTax": "5978000000",
        "ebit": "12955000000",
        "ebitda": "12983000000",
        "netIncome": "6994000000"
      },
      {
        "fiscalDateEnding": "2019-09-30",
        "reportedCurrency": "USD",
        "grossProfit": "6859000000",
        "totalRevenue": "22807000000",
        "costOfRevenue": "15948000000",
        "costofGoodsAndServicesSold": "None",
        "operatingIncome": "2826000000",
        "sellingGeneralAndAdministrative": "3652000000",
        "researchAndDevelopment": "None",
        "operatingExpenses": "4033000000",
        "investmentIncomeNet": "None",
        "netInterestIncome": "12187000000",
        "interestIncome": "17916000000",
        "interestExpense": "5729000000",
        "nonInterestIncome": "10620000000",
        "otherNonOperatingIncome": "None",
        "depreciation": "None",
        "depreciationAndAmortization": "29000000",
        "incomeBeforeTax": "6859000000",
        "incomeTaxExpense": "1082000000",
        "interestAndDebtExpense": "5729000000",
        "netIncomeFromContinuingOperations": "5777000000",
        "comprehensiveIncomeNetOfTax": "7637000000",
        "ebit": "12588000000",
        "ebitda": "12617000000",
        "netIncome": "5777000000"
      },
      {
        "fiscalDateEnding": "2019-06-30",
        "reportedCurrency": "USD",
        "grossProfit": "8959000000",
        "totalRevenue": "23084000000",
        "costOfRevenue": "14125000000",
        "costofGoodsAndServicesSold": "None",
        "operatingIncome": "5082000000",
        "sellingGeneralAndAdministrative": "3734000000",
        "researchAndDevelopment": "None",
        "operatingExpenses": "3877000000",
        "investmentIncomeNet": "None",
        "netInterestIncome": "12189000000",
        "interestIncome": "18224000000",
        "interestExpense": "6035000000",
        "nonInterestIncome": "10895000000",
        "otherNonOperatingIncome": "None",
        "depreciation": "None",
        "depreciationAndAmortization": "29000000",
        "incomeBeforeTax": "8959000000",
        "incomeTaxExpense": "1611000000",
        "interestAndDebtExpense": "6035000000",
        "netIncomeFromContinuingOperations": "7348000000",
        "comprehensiveIncomeNetOfTax": "9913000000",
        "ebit": "14994000000",
        "ebitda": "15023000000",
        "netIncome": "7348000000"
      },
      {
        "fiscalDateEnding": "2019-03-31",
        "reportedCurrency": "USD",
        "grossProfit": "8767000000",
        "totalRevenue": "23004000000",
        "costOfRevenue": "14237000000",
        "costofGoodsAndServicesSold": "None",
        "operatingIncome": "5097000000",
        "sellingGeneralAndAdministrative": "3571000000",
        "researchAndDevelopment": "None",
        "operatingExpenses": "3670000000",
        "investmentIncomeNet": "None",
        "netInterestIncome": "12375000000",
        "interestIncome": "18170000000",
        "interestExpense": "5795000000",
        "nonInterestIncome": "10629000000",
        "otherNonOperatingIncome": "None",
        "depreciation": "None",
        "depreciationAndAmortization": "26000000",
        "incomeBeforeTax": "8767000000",
        "incomeTaxExpense": "1456000000",
        "interestAndDebtExpense": "5795000000",
        "netIncomeFromContinuingOperations": "7311000000",
        "comprehensiveIncomeNetOfTax": "9480000000",
        "ebit": "14562000000",
        "ebitda": "14588000000",
        "netIncome": "7311000000"
      },
      {
        "fiscalDateEnding": "2018-12-31",
        "reportedCurrency": "USD",
        "grossProfit": "8698000000",
        "totalRevenue": "22677000000",
        "costOfRevenue": "14038000000",
        "costofGoodsAndServicesSold": "6437000000",
        "operatingIncome": "27723000000",
        "sellingGeneralAndAdministrative": "-19336000000",
        "researchAndDevelopment": "None",
        "operatingExpenses": "-19025000000",
        "investmentIncomeNet": "None",
        "netInterestIncome": "12504000000",
        "interestIncome": "17836000000",
        "interestExpense": "5332000000",
        "nonInterestIncome": "10173000000",
        "otherNonOperatingIncome": "None",
        "depreciation": "None",
        "depreciationAndAmortization": "134000000",
        "incomeBeforeTax": "8698000000",
        "incomeTaxExpense": "1420000000",
        "interestAndDebtExpense": "6261000000",
        "netIncomeFromContinuingOperations": "7278000000",
        "comprehensiveIncomeNetOfTax": "9903000000",
        "ebit": "14030000000",
        "ebitda": "14164000000",
        "netIncome": "7278000000"
      },
      {
        "fiscalDateEnding": "2018-09-30",
        "reportedCurrency": "USD",
        "grossProfit": "8994000000",
        "totalRevenue": "22724000000",
        "costOfRevenue": "13783000000",
        "costofGoodsAndServicesSold": "5811000000",
        "operatingIncome": "-1790000000",
        "sellingGeneralAndAdministrative": "10560000000",
        "researchAndDevelopment": "None",
        "operatingExpenses": "10784000000",
        "investmentIncomeNet": "None",
        "netInterestIncome": "12061000000",
        "interestIncome": "16965000000",
        "interestExpense": "4904000000",
        "nonInterestIncome": "10663000000",
        "otherNonOperatingIncome": "None",
        "depreciation": "None",
        "depreciationAndAmortization": "134000000",
        "incomeBeforeTax": "8994000000",
        "incomeTaxExpense": "1827000000",
        "interestAndDebtExpense": "5095000000",
        "netIncomeFromContinuingOperations": "7167000000",
        "comprehensiveIncomeNetOfTax": "5664000000",
        "ebit": "13898000000",
        "ebitda": "14032000000",
        "netIncome": "7167000000"
      }
    ]
  }
]
